Region,Country,Item Type,Sales Channel,Order Priority,Order Date,Order ID,Ship Date,Units Sold,Unit Price,Unit Cost,Total Revenue,Total Cost,Total Profit
Sub-Saharan Africa,Benin,Beverages,Offline,L,2/17/2016,484430825,2/18/2016,2701,47.45,31.79,128162.45,85864.79,42297.66
Asia,Maldives,Office Supplies,Online,L,05/08/2013,766841685,6/25/2013,4350,651.21,524.96,2832763.5,2283576,549187.5
Europe,Cyprus,Snacks,Online,M,4/16/2014,413322675,5/21/2014,219,152.58,97.44,33415.02,21339.36,12075.66
Central America and the Caribbean,Nicaragua,Meat,Offline,L,05/10/2010,236422622,05/12/2010,1562,421.89,364.69,658992.18,569645.78,89346.4
Asia,Tajikistan,Cosmetics,Offline,C,9/27/2016,669002854,9/30/2016,1666,437.2,263.33,728375.2,438707.78,289667.42
Europe,Croatia,Beverages,Offline,L,8/18/2015,414237201,9/17/2015,848,47.45,31.79,40237.6,26957.92,13279.68
Central America and the Caribbean,Haiti,Office Supplies,Online,M,12/23/2012,495611989,1/27/2013,1456,651.21,524.96,948161.76,764341.76,183820
Sub-Saharan Africa,Mali,Household,Online,M,1/15/2012,206926047,1/27/2012,2871,668.27,502.54,1918603.17,1442792.34,475810.83
Central America and the Caribbean,Dominican Republic,Cosmetics,Online,M,02/12/2017,262290704,03/01/2017,6503,437.2,263.33,2843111.6,1712434.99,1130676.61
Asia,Indonesia,Personal Care,Offline,C,8/26/2014,546129786,10/09/2014,795,81.73,56.67,64975.35,45052.65,19922.7
Asia,Sri Lanka,Office Supplies,Online,M,11/12/2014,563179624,11/12/2014,6221,651.21,524.96,4051177.41,3265776.16,785401.25
Middle East and North Africa,Iran,Cosmetics,Offline,L,02/12/2010,788489043,3/17/2010,285,437.2,263.33,124602,75049.05,49552.95
Europe,San Marino,Cosmetics,Online,M,7/19/2016,417419373,09/07/2016,2523,437.2,263.33,1103055.6,664381.59,438674.01
Central America and the Caribbean,Trinidad and Tobago,Clothes,Offline,C,4/14/2017,515644443,06/01/2017,9504,109.28,35.84,1038597.12,340623.36,697973.76
Middle East and North Africa,Saudi Arabia,Baby Food,Offline,M,09/01/2011,869150578,10/10/2011,9825,255.28,159.42,2508126,1566301.5,941824.5
Asia,Vietnam,Fruits,Online,L,6/14/2011,434236609,07/05/2011,9117,9.33,6.92,85061.61,63089.64,21971.97
Middle East and North Africa,Jordan,Vegetables,Online,C,4/29/2014,487513864,05/06/2014,5041,154.06,90.93,776616.46,458378.13,318238.33
Central America and the Caribbean,Costa Rica,Meat,Online,L,04/01/2015,575906169,5/20/2015,2288,421.89,364.69,965284.32,834410.72,130873.6
Europe,Italy,Office Supplies,Offline,L,3/30/2010,766649854,04/06/2010,7583,651.21,524.96,4938125.43,3980771.68,957353.75
Asia,Taiwan,Baby Food,Offline,H,05/02/2015,297293746,06/08/2015,4681,255.28,159.42,1194965.68,746245.02,448720.66
Asia,Turkmenistan,Baby Food,Offline,C,4/24/2017,725699174,4/25/2017,9367,255.28,159.42,2391207.76,1493287.14,897920.62
Middle East and North Africa,Kuwait,Cosmetics,Online,C,5/27/2015,980039966,5/31/2015,4459,437.2,263.33,1949474.8,1174188.47,775286.33
Australia and Oceania,Papua New Guinea,Snacks,Online,L,6/16/2017,508802449,6/30/2017,4806,152.58,97.44,733299.48,468296.64,265002.84
Europe,Spain,Snacks,Offline,M,6/22/2013,630785453,7/28/2013,2288,152.58,97.44,349103.04,222942.72,126160.32
Sub-Saharan Africa,Comoros,Vegetables,Offline,L,3/22/2017,485100305,4/28/2017,815,154.06,90.93,125558.9,74107.95,51450.95
Australia and Oceania,Kiribati,Beverages,Online,C,1/13/2017,181170833,02/06/2017,1330,47.45,31.79,63108.5,42280.7,20827.8
Europe,Latvia,Personal Care,Offline,L,6/17/2017,348733365,07/05/2017,6807,81.73,56.67,556336.11,385752.69,170583.42
Sub-Saharan Africa,Cape Verde,Snacks,Online,M,9/28/2012,787836730,10/25/2012,7251,152.58,97.44,1106357.58,706537.44,399820.14
Europe,Denmark,Personal Care,Online,C,05/07/2013,918842256,5/29/2013,4697,81.73,56.67,383885.81,266178.99,117706.82
Middle East and North Africa,Kuwait,Beverages,Online,M,11/13/2011,232423770,11/27/2011,8213,47.45,31.79,389706.85,261091.27,128615.58
Asia,Laos,Snacks,Online,C,02/08/2017,539567601,03/05/2017,8898,152.58,97.44,1357656.84,867021.12,490635.72
Asia,Taiwan,Fruits,Offline,C,06/05/2012,121572577,6/22/2012,4882,9.33,6.92,45549.06,33783.44,11765.62
Europe,Lithuania,Snacks,Online,L,7/20/2012,480050027,08/05/2012,6326,152.58,97.44,965221.08,616405.44,348815.64
Europe,Ireland,Meat,Offline,C,05/02/2014,486923778,06/04/2014,421,421.89,364.69,177615.69,153534.49,24081.2
Europe,Kosovo,Clothes,Offline,M,09/10/2015,434430158,10/25/2015,6393,109.28,35.84,698627.04,229125.12,469501.92
Middle East and North Africa,Egypt,Fruits,Offline,M,10/26/2011,685117995,11/11/2011,494,9.33,6.92,4609.02,3418.48,1190.54
Europe,Denmark,Meat,Offline,C,2/15/2014,321848618,03/12/2014,1013,421.89,364.69,427374.57,369430.97,57943.6
Sub-Saharan Africa,Togo,Snacks,Online,H,2/25/2016,297795855,04/03/2016,3266,152.58,97.44,498326.28,318239.04,180087.24
Sub-Saharan Africa,Guinea-Bissau,Personal Care,Offline,C,07/02/2012,286446034,08/04/2012,4602,81.73,56.67,376121.46,260795.34,115326.12
Middle East and North Africa,Turkey,Cosmetics,Online,L,3/16/2010,931597983,4/15/2010,9400,437.2,263.33,4109680,2475302,1634378
Europe,United Kingdom,Personal Care,Offline,H,05/10/2017,697363030,5/17/2017,4073,81.73,56.67,332886.29,230816.91,102069.38
Middle East and North Africa,Azerbaijan,Cereal,Offline,H,08/10/2016,818165004,9/16/2016,2061,205.7,117.11,423947.7,241363.71,182583.99
Central America and the Caribbean,Jamaica,Personal Care,Offline,L,5/27/2014,348740231,7/16/2014,8839,81.73,56.67,722411.47,500906.13,221505.34
Sub-Saharan Africa,Kenya,Cosmetics,Online,L,6/14/2014,214137542,6/30/2014,6912,437.2,263.33,3021926.4,1820136.96,1201789.44
Europe,Ireland,Meat,Offline,C,12/18/2013,959718263,01/09/2014,816,421.89,364.69,344262.24,297587.04,46675.2
Central America and the Caribbean,The Bahamas,Personal Care,Offline,C,12/31/2014,501156222,02/08/2015,2118,81.73,56.67,173104.14,120027.06,53077.08
Europe,Finland,Baby Food,Offline,M,02/09/2013,874437749,02/10/2013,4417,255.28,159.42,1127571.76,704158.14,423413.62
Middle East and North Africa,Azerbaijan,Office Supplies,Offline,L,04/09/2016,585861670,5/14/2016,8342,651.21,524.96,5432393.82,4379216.32,1053177.5
Europe,Bulgaria,Office Supplies,Online,M,10/22/2010,462039315,11/16/2010,6556,651.21,524.96,4269332.76,3441637.76,827695
Europe,Switzerland,Meat,Offline,L,08/11/2010,499894511,9/30/2010,8749,421.89,364.69,3691115.61,3190672.81,500442.8
Europe,Estonia,Beverages,Online,L,6/28/2015,316663587,8/13/2015,6647,47.45,31.79,315400.15,211308.13,104092.02
Sub-Saharan Africa,Lesotho,Fruits,Offline,M,12/17/2014,499895370,1/27/2015,9003,9.33,6.92,83997.99,62300.76,21697.23
Sub-Saharan Africa,Cote d'Ivoire,Meat,Online,C,10/03/2014,357451188,10/29/2014,6605,421.89,364.69,2786583.45,2408777.45,377806
Europe,Macedonia,Baby Food,Online,M,4/21/2010,167504870,5/20/2010,7268,255.28,159.42,1855375.04,1158664.56,696710.48
Asia,Cambodia,Household,Offline,H,04/02/2013,728542745,5/14/2013,843,668.27,502.54,563351.61,423641.22,139710.39
Asia,Maldives,Clothes,Online,H,5/18/2017,209363639,07/02/2017,4208,109.28,35.84,459850.24,150814.72,309035.52
Asia,China,Beverages,Online,C,07/09/2017,899078881,08/09/2017,6275,47.45,31.79,297748.75,199482.25,98266.5
Sub-Saharan Africa,Cameroon,Vegetables,Online,C,5/16/2013,657112300,6/18/2013,2987,154.06,90.93,460177.22,271607.91,188569.31
Sub-Saharan Africa,Liberia,Office Supplies,Online,C,04/08/2013,563200223,5/24/2013,2316,651.21,524.96,1508202.36,1215807.36,292395
Europe,Monaco,Cosmetics,Offline,C,3/30/2015,867391479,3/31/2015,9269,437.2,263.33,4052406.8,2440805.77,1611601.03
Central America and the Caribbean,Honduras,Cereal,Offline,C,10/27/2010,540047395,12/15/2010,880,205.7,117.11,181016,103056.8,77959.2
Sub-Saharan Africa,Djibouti,Clothes,Online,M,7/14/2011,421841800,08/04/2011,1218,109.28,35.84,133103.04,43653.12,89449.92
Asia,South Korea,Meat,Online,H,10/28/2014,973761022,11/13/2014,6380,421.89,364.69,2691658.2,2326722.2,364936
Middle East and North Africa,United Arab Emirates,Snacks,Online,M,06/01/2015,927103888,6/23/2015,9498,152.58,97.44,1449204.84,925485.12,523719.72
Sub-Saharan Africa,Zambia,Baby Food,Offline,C,8/31/2016,433481729,10/07/2016,5731,255.28,159.42,1463009.68,913636.02,549373.66
Australia and Oceania,Nauru,Office Supplies,Online,C,8/25/2011,614818370,10/14/2011,7273,651.21,524.96,4736250.33,3818034.08,918216.25
Middle East and North Africa,Qatar,Beverages,Online,L,3/17/2017,413350141,3/28/2017,8347,47.45,31.79,396065.15,265351.13,130714.02
Australia and Oceania,Samoa ,Snacks,Offline,H,03/09/2017,641625869,3/20/2017,208,152.58,97.44,31736.64,20267.52,11469.12
Europe,Bulgaria,Cereal,Online,M,8/18/2011,832506883,8/21/2011,6142,205.7,117.11,1263409.4,719289.62,544119.78
Sub-Saharan Africa,Gabon,Personal Care,Offline,M,01/02/2013,589167010,1/29/2013,6466,81.73,56.67,528466.18,366428.22,162037.96
Sub-Saharan Africa,Chad,Cereal,Offline,L,2/21/2012,935092580,3/31/2012,3529,205.7,117.11,725915.3,413281.19,312634.11
Australia and Oceania,Palau,Meat,Offline,C,04/10/2012,264082419,05/09/2012,6711,421.89,364.69,2831303.79,2447434.59,383869.2
Middle East and North Africa,Oman,Office Supplies,Online,H,2/21/2010,190247857,2/26/2010,7423,651.21,524.96,4833931.83,3896778.08,937153.75
North America,Mexico,Office Supplies,Online,H,11/25/2014,598012721,12/07/2014,4108,651.21,524.96,2675170.68,2156535.68,518635
Sub-Saharan Africa,Togo,Cereal,Online,C,1/21/2014,992113339,1/26/2014,7239,205.7,117.11,1489062.3,847759.29,641303.01
Central America and the Caribbean,Saint Vincent and the Grenadines,Beverages,Online,L,02/11/2015,947598540,3/16/2015,4321,47.45,31.79,205031.45,137364.59,67666.86
Asia,North Korea,Cosmetics,Offline,L,6/30/2011,559829652,07/01/2011,4889,437.2,263.33,2137470.8,1287420.37,850050.43
Sub-Saharan Africa,Cote d'Ivoire,Fruits,Online,C,8/13/2016,894480502,8/24/2016,5513,9.33,6.92,51436.29,38149.96,13286.33
Middle East and North Africa,Morocco,Fruits,Offline,C,09/03/2014,837537419,9/23/2014,4789,9.33,6.92,44681.37,33139.88,11541.49
Europe,Monaco,Office Supplies,Online,M,06/04/2017,245299232,07/04/2017,8349,651.21,524.96,5436952.29,4382891.04,1054061.25
Middle East and North Africa,Lebanon,Clothes,Online,M,12/25/2014,394377267,2/13/2015,3852,109.28,35.84,420946.56,138055.68,282890.88
Sub-Saharan Africa,Comoros,Fruits,Online,L,6/13/2017,831695353,7/16/2017,5992,9.33,6.92,55905.36,41464.64,14440.72
Asia,South Korea,Clothes,Offline,H,04/12/2013,724489820,5/23/2013,1492,109.28,35.84,163045.76,53473.28,109572.48
Sub-Saharan Africa,Cote d'Ivoire,Cosmetics,Online,M,12/03/2010,210309493,12/31/2010,4107,437.2,263.33,1795580.4,1081496.31,714084.09
Asia,Mongolia,Fruits,Online,C,4/25/2012,847015702,05/02/2012,9624,9.33,6.92,89791.92,66598.08,23193.84
Sub-Saharan Africa,Uganda,Personal Care,Offline,L,09/07/2016,662782275,10/11/2016,859,81.73,56.67,70206.07,48679.53,21526.54
Sub-Saharan Africa,Niger,Snacks,Online,H,9/27/2016,906095540,10/22/2016,2661,152.58,97.44,406015.38,259287.84,146727.54
Australia and Oceania,Australia,Office Supplies,Offline,L,1/15/2010,195754325,2/19/2010,6910,651.21,524.96,4499861.1,3627473.6,872387.5
Asia,Singapore,Snacks,Online,L,5/13/2010,370869958,6/14/2010,7517,152.58,97.44,1146943.86,732456.48,414487.38
Sub-Saharan Africa,Comoros,Meat,Online,L,8/13/2013,640866267,09/06/2013,5425,421.89,364.69,2288753.25,1978443.25,310310
Australia and Oceania,Federated States of Micronesia,Personal Care,Offline,M,10/07/2016,735479581,11/06/2016,3607,81.73,56.67,294800.11,204408.69,90391.42
Europe,Montenegro,Office Supplies,Offline,H,1/26/2014,454758727,02/04/2014,2068,651.21,524.96,1346702.28,1085617.28,261085
Sub-Saharan Africa,Benin,Beverages,Online,M,12/26/2015,119065034,1/27/2016,2844,47.45,31.79,134947.8,90410.76,44537.04
North America,Canada,Fruits,Online,H,02/08/2015,119072329,2/17/2015,5003,9.33,6.92,46677.99,34620.76,12057.23
Sub-Saharan Africa,Mauritania,Office Supplies,Offline,L,8/28/2012,465766942,09/11/2012,9643,651.21,524.96,6279618.03,5062189.28,1217428.75
Sub-Saharan Africa,Burkina Faso,Fruits,Offline,L,9/25/2014,340447700,10/02/2014,4895,9.33,6.92,45670.35,33873.4,11796.95
Middle East and North Africa,Iraq,Meat,Online,M,4/29/2013,344725930,5/14/2013,918,421.89,364.69,387295.02,334785.42,52509.6
Sub-Saharan Africa,Lesotho,Cereal,Offline,L,11/12/2012,250525462,12/31/2012,4906,205.7,117.11,1009164.2,574541.66,434622.54
Sub-Saharan Africa,Namibia,Office Supplies,Offline,H,04/10/2011,350082623,5/15/2011,6083,651.21,524.96,3961310.43,3193331.68,767978.75
Asia,Japan,Fruits,Online,L,4/25/2011,105946242,06/03/2011,702,9.33,6.92,6549.66,4857.84,1691.82
