Region,Country,Item Type,Sales Channel,Order Priority,Order Date,Order ID,Ship Date,Units Sold,Unit Price,Unit Cost,Total Revenue,Total Cost,Total Profit
Sub-Saharan Africa,Benin,Office Supplies,Online,L,10/02/2012,439912164,10/19/2012,8640,651.21,524.96,5626454.4,4535654.4,1090800
Sub-Saharan Africa,Equatorial Guinea,Clothes,Online,H,10/25/2016,195528590,11/26/2016,110,109.28,35.84,12020.8,3942.4,8078.4
Sub-Saharan Africa,Angola,Cereal,Online,C,11/10/2013,443730771,11/10/2013,8651,205.7,117.11,1779510.7,1013118.61,766392.09
Sub-Saharan Africa,Liberia,Cereal,Offline,H,5/20/2011,759567534,06/06/2011,1768,205.7,117.11,363677.6,207050.48,156627.12
Europe,Iceland,Snacks,Offline,M,5/19/2010,338400208,6/30/2010,8997,152.58,97.44,1372762.26,876667.68,496094.58
Asia,South Korea,Beverages,Offline,M,9/13/2016,245902621,10/05/2016,6905,47.45,31.79,327642.25,219509.95,108132.3
Europe,Germany,Office Supplies,Offline,M,7/15/2014,268061101,08/02/2014,4092,651.21,524.96,2664751.32,2148136.32,516615
Middle East and North Africa,Libya,Office Supplies,Online,H,8/24/2015,261174476,9/23/2015,6186,651.21,524.96,4028385.06,3247402.56,780982.5
Europe,Luxembourg,Cereal,Offline,H,2/20/2010,601854074,03/10/2010,850,205.7,117.11,174845,99543.5,75301.5
Middle East and North Africa,Iran,Vegetables,Offline,L,9/13/2015,837023723,10/18/2015,2775,154.06,90.93,427516.5,252330.75,175185.75
Central America and the Caribbean,Dominica,Baby Food,Offline,M,3/14/2013,133919751,4/26/2013,8685,255.28,159.42,2217106.8,1384562.7,832544.1
Asia,Thailand,Cereal,Offline,C,02/04/2011,430090987,3/20/2011,2336,205.7,117.11,480515.2,273568.96,206946.24
Middle East and North Africa,Iraq,Cosmetics,Online,C,4/28/2011,583398759,05/02/2011,9512,437.2,263.33,4158646.4,2504794.96,1653851.44
Europe,Spain,Cereal,Online,C,02/06/2013,422016894,03/06/2013,3032,205.7,117.11,623682.4,355077.52,268604.88
Sub-Saharan Africa,Eritrea,Fruits,Online,C,9/19/2016,294431722,10/19/2016,7744,9.33,6.92,72251.52,53588.48,18663.04
Australia and Oceania,New Zealand,Fruits,Online,H,03/01/2012,619442069,3/18/2012,5528,9.33,6.92,51576.24,38253.76,13322.48
Asia,Mongolia,Meat,Online,L,3/19/2013,536159265,3/26/2013,296,421.89,364.69,124879.44,107948.24,16931.2
Europe,Montenegro,Office Supplies,Offline,M,10/09/2015,154007136,10/17/2015,2989,651.21,524.96,1946466.69,1569105.44,377361.25
Middle East and North Africa,Syria,Cosmetics,Offline,H,10/22/2016,102722012,11/30/2016,6581,437.2,263.33,2877213.2,1732974.73,1144238.47
Asia,Sri Lanka,Cereal,Offline,M,7/29/2010,182352721,08/05/2010,1077,205.7,117.11,221538.9,126127.47,95411.43
Europe,Vatican City,Cosmetics,Online,L,02/09/2015,713260591,3/17/2015,8514,437.2,263.33,3722320.8,2241991.62,1480329.18
Europe,Latvia,Personal Care,Online,M,06/04/2015,286119449,07/09/2015,7958,81.73,56.67,650407.34,450979.86,199427.48
Europe,Slovakia,Cereal,Online,L,10/03/2012,711915624,10/29/2012,508,205.7,117.11,104495.6,59491.88,45003.72
Australia and Oceania,Solomon Islands,Snacks,Offline,C,03/10/2013,271947944,04/01/2013,4295,152.58,97.44,655331.1,418504.8,236826.3
Australia and Oceania,East Timor,Office Supplies,Online,L,4/17/2016,467827737,06/04/2016,9478,651.21,524.96,6172168.38,4975570.88,1196597.5
Sub-Saharan Africa,Kenya,Clothes,Offline,M,05/09/2011,171478831,5/24/2011,3252,109.28,35.84,355378.56,116551.68,238826.88
Sub-Saharan Africa,Swaziland,Fruits,Offline,H,06/07/2011,575137555,06/07/2011,4838,9.33,6.92,45138.54,33478.96,11659.58
Australia and Oceania,Solomon Islands,Clothes,Online,L,9/21/2011,241352736,10/11/2011,493,109.28,35.84,53875.04,17669.12,36205.92
Sub-Saharan Africa,Burkina Faso,Meat,Offline,C,1/23/2016,952985703,3/13/2016,8502,421.89,364.69,3586908.78,3100594.38,486314.4
Australia and Oceania,Vanuatu,Cosmetics,Online,L,06/02/2010,963210284,06/08/2010,4183,437.2,263.33,1828807.6,1101509.39,727298.21
Sub-Saharan Africa,Rwanda,Snacks,Online,H,02/12/2012,845512807,03/03/2012,4884,152.58,97.44,745200.72,475896.96,269303.76
Europe,Ukraine,Baby Food,Offline,C,1/13/2013,343692100,1/20/2013,4985,255.28,159.42,1272570.8,794708.7,477862.1
Middle East and North Africa,Jordan,Household,Online,H,9/14/2013,621859490,9/14/2013,897,668.27,502.54,599438.19,450778.38,148659.81
Europe,Norway,Cereal,Offline,M,11/30/2011,214438807,12/17/2011,6063,205.7,117.11,1247159.1,710037.93,537121.17
Sub-Saharan Africa,Ghana,Cereal,Online,C,02/08/2014,876166379,3/22/2014,5957,205.7,117.11,1225354.9,697624.27,527730.63
Australia and Oceania,Tuvalu,Snacks,Online,H,06/04/2016,832091033,7/18/2016,3082,152.58,97.44,470251.56,300310.08,169941.48
Sub-Saharan Africa,South Africa,Baby Food,Online,C,1/29/2016,627574098,02/05/2016,1976,255.28,159.42,504433.28,315013.92,189419.36
Central America and the Caribbean,Antigua and Barbuda ,Personal Care,Online,H,2/15/2015,878289401,2/20/2015,4206,81.73,56.67,343756.38,238354.02,105402.36
Asia,Kyrgyzstan,Cosmetics,Online,H,09/08/2016,920223271,10/01/2016,3370,437.2,263.33,1473364,887422.1,585941.9
Sub-Saharan Africa,Mauritania,Office Supplies,Offline,H,08/08/2013,159674537,09/12/2013,99,651.21,524.96,64469.79,51971.04,12498.75
Asia,Turkmenistan,Beverages,Online,L,11/27/2014,323254525,12/25/2014,7052,47.45,31.79,334617.4,224183.08,110434.32
Sub-Saharan Africa,Chad,Cereal,Offline,L,10/09/2011,507887065,11/06/2011,3924,205.7,117.11,807166.8,459539.64,347627.16
Asia,Turkmenistan,Vegetables,Offline,M,08/01/2011,330808484,8/24/2011,2437,154.06,90.93,375444.22,221596.41,153847.81
Europe,Latvia,Cereal,Online,H,06/07/2011,379567611,7/18/2011,1346,205.7,117.11,276872.2,157630.06,119242.14
Europe,Greece,Office Supplies,Online,L,1/17/2017,862025773,02/07/2017,1437,651.21,524.96,935788.77,754367.52,181421.25
Europe,Bulgaria,Household,Offline,M,4/15/2016,256356799,5/29/2016,529,668.27,502.54,353514.83,265843.66,87671.17
Europe,Italy,Snacks,Online,M,3/22/2013,261047017,05/10/2013,8468,152.58,97.44,1292047.44,825121.92,466925.52
Asia,Turkmenistan,Beverages,Offline,L,10/11/2016,844895255,10/29/2016,2136,47.45,31.79,101353.2,67903.44,33449.76
Australia and Oceania,Tuvalu,Beverages,Online,H,3/22/2014,697012841,05/06/2014,444,47.45,31.79,21067.8,14114.76,6953.04
Sub-Saharan Africa,Lesotho,Personal Care,Online,M,10/26/2012,376823604,11/04/2012,9333,81.73,56.67,762786.09,528901.11,233884.98
Middle East and North Africa,Qatar,Snacks,Offline,H,4/29/2013,964063870,05/07/2013,6778,152.58,97.44,1034187.24,660448.32,373738.92
Europe,Montenegro,Fruits,Offline,C,10/13/2013,908782470,11/07/2013,7783,9.33,6.92,72615.39,53858.36,18757.03
Europe,Lithuania,Meat,Online,C,4/16/2013,981340730,4/20/2013,9384,421.89,364.69,3959015.76,3422250.96,536764.8
Europe,Vatican City,Cereal,Online,H,10/20/2015,222412478,11/23/2015,5650,205.7,117.11,1162205,661671.5,500533.5
Asia,Malaysia,Meat,Online,C,03/09/2011,892984044,3/18/2011,2678,421.89,364.69,1129821.42,976639.82,153181.6
Sub-Saharan Africa,Republic of the Congo,Fruits,Online,M,11/19/2016,824354255,12/07/2016,3598,9.33,6.92,33569.34,24898.16,8671.18
Asia,China,Office Supplies,Online,C,7/18/2013,168134438,7/28/2013,3572,651.21,524.96,2326122.12,1875157.12,450965
Australia and Oceania,Marshall Islands,Office Supplies,Online,M,12/13/2016,946248424,01/06/2017,4791,651.21,524.96,3119947.11,2515083.36,604863.75
Europe,Croatia,Fruits,Online,M,8/29/2013,300932538,09/07/2013,1480,9.33,6.92,13808.4,10241.6,3566.8
Europe,Iceland,Cereal,Offline,M,3/24/2010,844735610,3/31/2010,4894,205.7,117.11,1006695.8,573136.34,433559.46
Middle East and North Africa,Syria,Beverages,Online,M,04/11/2014,310518968,05/01/2014,8318,47.45,31.79,394689.1,264429.22,130259.88
Europe,Netherlands,Household,Online,C,7/23/2015,101456439,8/31/2015,2070,668.27,502.54,1383318.9,1040257.8,343061.1
Europe,Hungary,Cereal,Online,C,6/19/2012,341034352,07/06/2012,8498,205.7,117.11,1748038.6,995200.78,752837.82
Sub-Saharan Africa,Mauritius ,Cereal,Offline,C,10/26/2015,323051536,12/15/2015,6983,205.7,117.11,1436403.1,817779.13,618623.97
Europe,Serbia,Cosmetics,Offline,H,10/08/2014,761619317,11/17/2014,8936,437.2,263.33,3906819.2,2353116.88,1553702.32
Europe,Moldova ,Cosmetics,Online,H,11/30/2010,641161525,01/04/2011,2798,437.2,263.33,1223285.6,736797.34,486488.26
Central America and the Caribbean,Panama,Vegetables,Online,H,6/21/2014,366414487,7/31/2014,9044,154.06,90.93,1393318.64,822370.92,570947.72
Europe,Poland,Office Supplies,Offline,H,3/24/2010,412427031,3/25/2010,5179,651.21,524.96,3372616.59,2718767.84,653848.75
Asia,Turkmenistan,Meat,Offline,L,4/27/2014,874560487,5/26/2014,738,421.89,364.69,311354.82,269141.22,42213.6
Europe,Croatia,Cereal,Offline,H,6/14/2017,118488681,07/04/2017,2289,205.7,117.11,470847.3,268064.79,202782.51
Europe,Vatican City,Fruits,Offline,L,5/23/2011,630197942,6/27/2011,8430,9.33,6.92,78651.9,58335.6,20316.3
Sub-Saharan Africa,Cameroon,Fruits,Offline,C,6/19/2015,465987098,07/11/2015,4792,9.33,6.92,44709.36,33160.64,11548.72
Central America and the Caribbean,Haiti,Baby Food,Online,M,3/19/2012,902467477,05/03/2012,9036,255.28,159.42,2306710.08,1440519.12,866190.96
Europe,Spain,Household,Offline,M,9/30/2011,586562907,10/03/2011,5854,668.27,502.54,3912052.58,2941869.16,970183.42
Europe,Montenegro,Beverages,Offline,C,1/31/2010,485509717,02/10/2010,1969,47.45,31.79,93429.05,62594.51,30834.54
Australia and Oceania,East Timor,Snacks,Online,H,09/04/2015,736856734,9/23/2015,1137,152.58,97.44,173483.46,110789.28,62694.18
Europe,Cyprus,Baby Food,Offline,C,4/27/2015,198465287,06/12/2015,9144,255.28,159.42,2334280.32,1457736.48,876543.84
Europe,Kosovo,Cereal,Online,L,10/21/2015,498509204,12/02/2015,8806,205.7,117.11,1811394.2,1031270.66,780123.54
Sub-Saharan Africa,Liberia,Household,Offline,M,06/02/2017,185474812,6/27/2017,4974,668.27,502.54,3323974.98,2499633.96,824341.02
Central America and the Caribbean,Costa Rica,Office Supplies,Offline,M,2/24/2010,578160941,2/24/2010,9525,651.21,524.96,6202775.25,5000244,1202531.25
Sub-Saharan Africa,Benin,Personal Care,Online,L,05/08/2015,815678918,6/15/2015,6373,81.73,56.67,520865.29,361157.91,159707.38
Europe,Latvia,Household,Offline,M,10/09/2013,107452571,11/21/2013,6458,668.27,502.54,4315687.66,3245403.32,1070284.34
Australia and Oceania,Tonga,Clothes,Online,L,7/15/2017,883218228,8/19/2017,2756,109.28,35.84,301175.68,98775.04,202400.64
Asia,Indonesia,Fruits,Online,H,4/28/2013,243024718,5/22/2013,5270,9.33,6.92,49169.1,36468.4,12700.7
Asia,North Korea,Cereal,Offline,H,08/05/2011,307233369,09/04/2011,6036,205.7,117.11,1241605.2,706875.96,534729.24
Australia and Oceania,Australia,Meat,Offline,C,07/04/2012,566518008,7/18/2012,4123,421.89,364.69,1739452.47,1503616.87,235835.6
Europe,Macedonia,Fruits,Offline,M,4/21/2017,131864964,06/10/2017,628,9.33,6.92,5859.24,4345.76,1513.48
Sub-Saharan Africa,Democratic Republic of the Congo,Office Supplies,Online,L,11/29/2016,884573066,1/15/2017,3682,651.21,524.96,2397755.22,1932902.72,464852.5
Sub-Saharan Africa,Swaziland,Household,Offline,M,11/30/2010,726253640,12/31/2010,3446,668.27,502.54,2302858.42,1731752.84,571105.58
Europe,Hungary,Snacks,Online,H,4/22/2011,328830516,05/07/2011,7112,152.58,97.44,1085148.96,692993.28,392155.68
Europe,Switzerland,Meat,Online,C,01/03/2016,884540021,1/29/2016,3903,421.89,364.69,1646636.67,1423385.07,223251.6
Asia,Japan,Fruits,Offline,C,8/20/2012,955930984,9/16/2012,76,9.33,6.92,709.08,525.92,183.16
Central America and the Caribbean,Dominica,Personal Care,Online,H,08/09/2012,525864732,9/26/2012,3915,81.73,56.67,319972.95,221863.05,98109.9
Middle East and North Africa,Algeria,Baby Food,Offline,H,01/10/2017,547515094,01/12/2017,738,255.28,159.42,188396.64,117651.96,70744.68
Sub-Saharan Africa,Angola,Household,Offline,C,12/07/2012,694368398,12/28/2012,7894,668.27,502.54,5275323.38,3967050.76,1308272.62
Europe,Kosovo,Baby Food,Offline,C,12/05/2014,710223472,12/28/2014,9763,255.28,159.42,2492298.64,1556417.46,935881.18
North America,Greenland,Baby Food,Online,L,12/16/2015,859191644,1/22/2016,2755,255.28,159.42,703296.4,439202.1,264094.3
Sub-Saharan Africa,Burkina Faso,Cereal,Offline,C,10/26/2013,575696742,11/29/2013,314,205.7,117.11,64589.8,36772.54,27817.26
Europe,Albania,Beverages,Online,C,12/15/2014,714475095,1/29/2015,7913,47.45,31.79,375471.85,251554.27,123917.58
Middle East and North Africa,Israel,Clothes,Online,L,07/04/2015,400575530,8/15/2015,8056,109.28,35.84,880359.68,288727.04,591632.64
