Region,Country,Item Type,Sales Channel,Order Priority,Order Date,Order ID,Ship Date,Units Sold,Unit Price,Unit Cost,Total Revenue,Total Cost,Total Profit
Asia,Philippines,Cereal,Online,C,7/23/2014,785856187,09/06/2014,1164,205.7,117.11,239434.8,136316.04,103118.76
Europe,Belarus,Vegetables,Offline,H,7/19/2012,401451861,08/05/2012,7382,154.06,90.93,1137270.92,671245.26,466025.66
Australia and Oceania,Solomon Islands,Meat,Online,C,11/07/2013,423500478,11/14/2013,2057,421.89,364.69,867827.73,750167.33,117660.4
Europe,Poland,Cereal,Offline,C,05/11/2010,595800864,6/13/2010,9571,205.7,117.11,1968754.7,1120859.81,847894.89
Sub-Saharan Africa,Zambia,Cereal,Online,H,2/27/2010,282464349,3/23/2010,6333,205.7,117.11,1302698.1,741657.63,561040.47
Sub-Saharan Africa,Zimbabwe,Clothes,Online,H,1/20/2011,717914760,1/20/2011,5786,109.28,35.84,632294.08,207370.24,424923.84
Australia and Oceania,Marshall Islands,Beverages,Offline,M,11/28/2011,956888425,01/12/2012,3404,47.45,31.79,161519.8,108213.16,53306.64
Sub-Saharan Africa,Sao Tome and Principe,Household,Offline,M,06/09/2016,124434173,07/07/2016,1692,668.27,502.54,1130712.84,850297.68,280415.16
Europe,Italy,Snacks,Online,M,04/12/2014,565913331,5/17/2014,5185,152.58,97.44,791127.3,505226.4,285900.9
Sub-Saharan Africa,Burundi,Fruits,Offline,H,1/24/2015,196999728,03/01/2015,5452,9.33,6.92,50867.16,37727.84,13139.32
Sub-Saharan Africa,Kenya,Personal Care,Online,H,05/05/2014,153679692,5/23/2014,6091,81.73,56.67,497817.43,345176.97,152640.46
Asia,Nepal,Personal Care,Offline,C,07/09/2012,742252051,7/14/2012,7731,81.73,56.67,631854.63,438115.77,193738.86
Australia and Oceania,Fiji,Personal Care,Offline,M,1/24/2011,989328134,2/28/2011,3035,81.73,56.67,248050.55,171993.45,76057.1
Asia,Bangladesh,Fruits,Offline,C,4/17/2016,891831767,5/18/2016,1693,9.33,6.92,15795.69,11715.56,4080.13
Sub-Saharan Africa,Tanzania,Beverages,Online,H,11/15/2012,966999280,12/19/2012,5431,47.45,31.79,257700.95,172651.49,85049.46
Central America and the Caribbean,Dominican Republic,Beverages,Offline,M,1/16/2013,902379500,02/06/2013,3002,47.45,31.79,142444.9,95433.58,47011.32
Australia and Oceania,Palau,Meat,Online,C,12/14/2014,905833756,1/14/2015,5193,421.89,364.69,2190874.77,1893835.17,297039.6
Europe,Andorra,Snacks,Online,L,1/14/2014,355535876,2/27/2014,9821,152.58,97.44,1498488.18,956958.24,541529.94
Sub-Saharan Africa,Cape Verde,Baby Food,Offline,L,5/14/2014,949972188,5/15/2014,6736,255.28,159.42,1719566.08,1073853.12,645712.96
Sub-Saharan Africa,Ethiopia,Cereal,Online,L,4/17/2017,857941520,5/20/2017,2816,205.7,117.11,579251.2,329781.76,249469.44
Sub-Saharan Africa,South Sudan,Snacks,Offline,M,1/31/2010,568555200,03/05/2010,6973,152.58,97.44,1063940.34,679449.12,384491.22
Australia and Oceania,Australia,Vegetables,Offline,M,2/25/2015,641237056,3/30/2015,5149,154.06,90.93,793254.94,468198.57,325056.37
Central America and the Caribbean,Cuba,Cosmetics,Online,H,7/15/2010,355723416,08/11/2010,5319,437.2,263.33,2325466.8,1400652.27,924814.53
Australia and Oceania,Papua New Guinea,Cosmetics,Online,C,12/28/2016,862063109,2/16/2017,2486,437.2,263.33,1086879.2,654638.38,432240.82
Asia,Myanmar,Snacks,Offline,L,11/25/2010,230617463,01/11/2011,3687,152.58,97.44,562562.46,359261.28,203301.18
Europe,Czech Republic,Snacks,Online,C,05/12/2011,202060306,5/16/2011,2990,152.58,97.44,456214.2,291345.6,164868.6
Australia and Oceania,Palau,Meat,Online,H,10/27/2015,337377965,11/15/2015,6492,421.89,364.69,2738909.88,2367567.48,371342.4
Sub-Saharan Africa,Benin,Vegetables,Offline,H,06/05/2011,267869269,07/03/2011,7324,154.06,90.93,1128335.44,665971.32,462364.12
Asia,Bangladesh,Personal Care,Offline,C,09/07/2016,145145547,10/09/2016,648,81.73,56.67,52961.04,36722.16,16238.88
Sub-Saharan Africa,Zimbabwe,Personal Care,Offline,M,02/04/2017,191130626,2/21/2017,8654,81.73,56.67,707291.42,490422.18,216869.24
Middle East and North Africa,Tunisia ,Vegetables,Online,L,05/11/2014,248060834,6/16/2014,5568,154.06,90.93,857806.08,506298.24,351507.84
Middle East and North Africa,Syria,Baby Food,Online,M,01/12/2015,228485000,02/08/2015,2644,255.28,159.42,674960.32,421506.48,253453.84
Asia,Cambodia,Meat,Offline,C,08/03/2011,565264451,9/17/2011,3167,421.89,364.69,1336125.63,1154973.23,181152.4
Asia,Mongolia,Snacks,Offline,H,07/02/2016,861573016,7/31/2016,7456,152.58,97.44,1137636.48,726512.64,411123.84
Sub-Saharan Africa,Rwanda,Snacks,Online,M,01/07/2013,340897023,02/11/2013,7860,152.58,97.44,1199278.8,765878.4,433400.4
Asia,Singapore,Fruits,Offline,L,12/15/2011,997035300,12/19/2011,3757,9.33,6.92,35052.81,25998.44,9054.37
North America,Mexico,Household,Offline,C,1/16/2010,844099175,03/01/2010,6559,668.27,502.54,4383182.93,3296159.86,1087023.07
Middle East and North Africa,Somalia,Snacks,Online,C,06/11/2016,666512477,7/29/2016,4708,152.58,97.44,718346.64,458747.52,259599.12
Middle East and North Africa,Azerbaijan,Cosmetics,Offline,L,02/02/2011,869011533,2/25/2011,8679,437.2,263.33,3794458.8,2285441.07,1509017.73
Central America and the Caribbean,Trinidad and Tobago,Fruits,Online,C,8/17/2016,126645171,09/02/2016,5975,9.33,6.92,55746.75,41347,14399.75
Australia and Oceania,Tuvalu,Vegetables,Offline,C,05/04/2011,334774720,06/10/2011,6134,154.06,90.93,945004.04,557764.62,387239.42
Sub-Saharan Africa,Liberia,Clothes,Offline,L,3/17/2016,759074008,4/17/2016,5722,109.28,35.84,625300.16,205076.48,420223.68
Central America and the Caribbean,Dominican Republic,Household,Offline,H,06/07/2015,285529363,6/16/2015,3338,668.27,502.54,2230685.26,1677478.52,553206.74
Europe,Bulgaria,Office Supplies,Offline,M,3/14/2013,570439612,04/05/2013,4613,651.21,524.96,3004031.73,2421640.48,582391.25
Sub-Saharan Africa,The Gambia,Clothes,Online,C,10/07/2014,190416085,11/07/2014,7206,109.28,35.84,787471.68,258263.04,529208.64
Asia,Vietnam,Snacks,Online,M,02/01/2015,492382609,03/09/2015,5811,152.58,97.44,886642.38,566223.84,320418.54
North America,United States of America,Personal Care,Online,M,03/12/2010,643575513,3/13/2010,7151,81.73,56.67,584451.23,405247.17,179204.06
Europe,Portugal,Clothes,Offline,H,02/07/2016,781543624,03/07/2016,4981,109.28,35.84,544323.68,178519.04,365804.64
Middle East and North Africa,United Arab Emirates,Cereal,Offline,C,1/16/2012,664148271,2/20/2012,5087,205.7,117.11,1046395.9,595738.57,450657.33
Sub-Saharan Africa,Central African Republic,Vegetables,Offline,L,5/15/2012,119563281,06/06/2012,287,154.06,90.93,44215.22,26096.91,18118.31
Europe,Netherlands,Beverages,Online,H,5/19/2017,396274983,5/25/2017,5429,47.45,31.79,257606.05,172587.91,85018.14
North America,Canada,Personal Care,Online,C,1/20/2017,113082206,03/07/2017,2392,81.73,56.67,195498.16,135554.64,59943.52
Sub-Saharan Africa,Togo,Personal Care,Online,C,01/11/2010,209096276,1/17/2010,5090,81.73,56.67,416005.7,288450.3,127555.4
Sub-Saharan Africa,South Africa,Vegetables,Offline,C,12/03/2014,793741023,1/18/2015,4462,154.06,90.93,687415.72,405729.66,281686.06
Sub-Saharan Africa,Burkina Faso,Cereal,Online,M,7/25/2013,696752774,8/28/2013,3484,205.7,117.11,716658.8,408011.24,308647.56
Sub-Saharan Africa,Zambia,Cosmetics,Offline,C,05/08/2015,618180358,06/06/2015,2160,437.2,263.33,944352,568792.8,375559.2
Asia,Maldives,Office Supplies,Offline,C,08/04/2015,878385102,08/06/2015,2526,651.21,524.96,1644956.46,1326048.96,318907.5
Asia,Laos,Cosmetics,Offline,M,6/17/2014,968040835,07/02/2014,3650,437.2,263.33,1595780,961154.5,634625.5
Central America and the Caribbean,Trinidad and Tobago,Fruits,Online,M,03/07/2013,898133885,4/15/2013,6630,9.33,6.92,61857.9,45879.6,15978.3
Asia,Cambodia,Personal Care,Offline,H,04/09/2010,749963080,5/16/2010,9596,81.73,56.67,784281.08,543805.32,240475.76
Middle East and North Africa,Libya,Beverages,Online,H,11/14/2012,225139749,12/16/2012,2710,47.45,31.79,128589.5,86150.9,42438.6
Sub-Saharan Africa,Cameroon,Cereal,Offline,C,04/08/2010,895587718,5/16/2010,3163,205.7,117.11,650629.1,370418.93,280210.17
Sub-Saharan Africa,Liberia,Personal Care,Online,C,07/10/2015,353543317,08/10/2015,179,81.73,56.67,14629.67,10143.93,4485.74
Middle East and North Africa,Tunisia ,Cosmetics,Online,M,04/04/2016,761555373,05/01/2016,13,437.2,263.33,5683.6,3423.29,2260.31
Sub-Saharan Africa,Cape Verde,Cosmetics,Offline,M,4/23/2016,302485215,4/24/2016,952,437.2,263.33,416214.4,250690.16,165524.24
Asia,Uzbekistan,Cosmetics,Online,C,10/15/2016,829506671,11/06/2016,8312,437.2,263.33,3634006.4,2188798.96,1445207.44
Europe,San Marino,Office Supplies,Offline,H,4/21/2012,216106069,05/09/2012,9443,651.21,524.96,6149376.03,4957197.28,1192178.75
Asia,Cambodia,Cosmetics,Online,H,6/15/2017,906082236,6/22/2017,8724,437.2,263.33,3814132.8,2297290.92,1516841.88
Australia and Oceania,Marshall Islands,Meat,Offline,H,1/17/2010,463546502,02/06/2010,2566,421.89,364.69,1082569.74,935794.54,146775.2
Sub-Saharan Africa,Namibia,Clothes,Offline,M,08/04/2010,122922694,8/30/2010,4412,109.28,35.84,482143.36,158126.08,324017.28
Asia,Uzbekistan,Snacks,Offline,C,5/22/2010,738947141,5/30/2010,9735,152.58,97.44,1485366.3,948578.4,536787.9
Sub-Saharan Africa,Djibouti,Household,Offline,M,2/24/2013,536668670,04/01/2013,1040,668.27,502.54,695000.8,522641.6,172359.2
Europe,Germany,Cereal,Online,L,02/02/2016,961448609,3/19/2016,2864,205.7,117.11,589124.8,335403.04,253721.76
Middle East and North Africa,Azerbaijan,Cereal,Online,C,09/07/2013,828960788,9/14/2013,6773,205.7,117.11,1393206.1,793186.03,600020.07
Middle East and North Africa,Bahrain,Cereal,Online,L,8/22/2016,375191533,8/29/2016,6367,205.7,117.11,1309691.9,745639.37,564052.53
Sub-Saharan Africa,Liberia,Baby Food,Online,C,3/18/2010,806439673,04/08/2010,2275,255.28,159.42,580762,362680.5,218081.5
Europe,Georgia,Cosmetics,Offline,L,01/04/2011,249316537,02/07/2011,7158,437.2,263.33,3129477.6,1884916.14,1244561.46
North America,United States of America,Fruits,Offline,C,3/19/2010,500745952,04/11/2010,710,9.33,6.92,6624.3,4913.2,1711.1
Australia and Oceania,Papua New Guinea,Meat,Online,C,3/15/2015,277964246,04/10/2015,4652,421.89,364.69,1962632.28,1696537.88,266094.4
Central America and the Caribbean,Grenada,Vegetables,Offline,L,6/30/2015,168520247,7/20/2015,7741,154.06,90.93,1192578.46,703889.13,488689.33
Europe,Cyprus,Beverages,Offline,C,10/26/2016,380275285,12/11/2016,762,47.45,31.79,36156.9,24223.98,11932.92
Europe,Kosovo,Personal Care,Online,M,08/11/2014,291403186,09/11/2014,1533,81.73,56.67,125292.09,86875.11,38416.98
Australia and Oceania,New Zealand,Cosmetics,Online,H,12/08/2012,700390279,12/27/2012,9903,437.2,263.33,4329591.6,2607756.99,1721834.61
Central America and the Caribbean,Cuba,Beverages,Offline,C,2/24/2013,676035392,04/05/2013,2750,47.45,31.79,130487.5,87422.5,43065
Sub-Saharan Africa,Burundi,Personal Care,Online,L,02/02/2010,707449853,03/10/2010,8987,81.73,56.67,734507.51,509293.29,225214.22
Asia,Nepal,Cosmetics,Offline,H,01/09/2011,454057490,2/18/2011,4556,437.2,263.33,1991883.2,1199731.48,792151.72
North America,Greenland,Vegetables,Online,H,9/16/2016,995594632,11/02/2016,7431,154.06,90.93,1144819.86,675700.83,469119.03
Asia,Tajikistan,Beverages,Offline,L,1/14/2010,782110106,2/23/2010,2616,47.45,31.79,124129.2,83162.64,40966.56
Sub-Saharan Africa,Niger,Vegetables,Offline,M,10/29/2012,583965241,11/12/2012,7147,154.06,90.93,1101066.82,649876.71,451190.11
Asia,Malaysia,Office Supplies,Online,L,11/20/2013,341833865,11/27/2013,5092,651.21,524.96,3315961.32,2673096.32,642865
Asia,Taiwan,Fruits,Offline,C,8/30/2010,516702306,9/15/2010,2549,9.33,6.92,23782.17,17639.08,6143.09
Central America and the Caribbean,Nicaragua,Personal Care,Online,C,01/07/2013,739869391,02/02/2013,2649,81.73,56.67,216502.77,150118.83,66383.94
Middle East and North Africa,Israel,Meat,Online,L,10/01/2016,262946450,11/09/2016,553,421.89,364.69,233305.17,201673.57,31631.6
Sub-Saharan Africa,Cote d'Ivoire,Vegetables,Online,M,12/02/2014,207857310,01/12/2015,8452,154.06,90.93,1302115.12,768540.36,533574.76
Asia,Nepal,Cosmetics,Online,L,10/21/2016,416838300,11/24/2016,571,437.2,263.33,249641.2,150361.43,99279.77
Europe,Vatican City,Cosmetics,Offline,M,10/25/2013,802438247,11/02/2013,8164,437.2,263.33,3569300.8,2149826.12,1419474.68
Asia,Vietnam,Fruits,Offline,M,7/29/2013,897518479,8/14/2013,4518,9.33,6.92,42152.94,31264.56,10888.38
Europe,Poland,Vegetables,Online,L,5/29/2013,305252826,7/17/2013,9949,154.06,90.93,1532742.94,904662.57,628080.37
Sub-Saharan Africa,South Sudan,Fruits,Online,H,9/16/2011,949127614,9/25/2011,6808,9.33,6.92,63518.64,47111.36,16407.28
Middle East and North Africa,Lebanon,Snacks,Offline,L,9/19/2011,322941672,11/01/2011,4472,152.58,97.44,682337.76,435751.68,246586.08
