Region,Country,Item Type,Sales Channel,Order Priority,Order Date,Order ID,Ship Date,Units Sold,Unit Price,Unit Cost,Total Revenue,Total Cost,Total Profit
Middle East and North Africa,Bahrain,Office Supplies,Online,H,06/07/2013,403137147,7/16/2013,6095,651.21,524.96,3969124.95,3199631.2,769493.75
Europe,Denmark,Baby Food,Online,C,12/13/2016,409955966,12/15/2016,3935,255.28,159.42,1004526.8,627317.7,377209.1
Central America and the Caribbean,Trinidad and Tobago,Meat,Offline,M,3/20/2012,447055852,05/06/2012,2616,421.89,364.69,1103664.24,954029.04,149635.2
Asia,South Korea,Fruits,Online,H,12/31/2010,370735633,1/19/2011,7767,9.33,6.92,72466.11,53747.64,18718.47
Europe,Finland,Cereal,Online,H,12/22/2010,557606637,1/25/2011,7050,205.7,117.11,1450185,825625.5,624559.5
Sub-Saharan Africa,Democratic Republic of the Congo,Cosmetics,Offline,C,09/04/2014,554592692,10/14/2014,5157,437.2,263.33,2254640.4,1357992.81,896647.59
Europe,Andorra,Vegetables,Online,L,7/23/2010,428930127,7/24/2010,8811,154.06,90.93,1357422.66,801184.23,556238.43
Europe,Spain,Office Supplies,Online,H,8/23/2014,318167769,09/12/2014,1768,651.21,524.96,1151339.28,928129.28,223210
Sub-Saharan Africa,Gabon,Cosmetics,Offline,M,9/21/2013,880166947,10/04/2013,9814,437.2,263.33,4290680.8,2584320.62,1706360.18
Sub-Saharan Africa,Mauritania,Fruits,Online,M,08/05/2014,143101489,09/06/2014,5765,9.33,6.92,53787.45,39893.8,13893.65
Europe,Denmark,Cosmetics,Online,H,7/15/2017,255457723,8/29/2017,4472,437.2,263.33,1955158.4,1177611.76,777546.64
Europe,France,Household,Online,L,7/19/2012,736034476,7/24/2012,7813,668.27,502.54,5221193.51,3926345.02,1294848.49
Sub-Saharan Africa,Malawi,Snacks,Offline,M,5/25/2013,723943078,6/28/2013,9699,152.58,97.44,1479873.42,945070.56,534802.86
Asia,China,Office Supplies,Online,C,12/28/2015,328607356,02/03/2016,1074,651.21,524.96,699399.54,563807.04,135592.5
Middle East and North Africa,Pakistan,Vegetables,Offline,L,4/20/2017,179763638,5/24/2017,4910,154.06,90.93,756434.6,446466.3,309968.3
Asia,Brunei,Baby Food,Online,C,7/31/2011,977460753,09/02/2011,1213,255.28,159.42,309654.64,193376.46,116278.18
Sub-Saharan Africa,Tanzania,Meat,Offline,C,11/09/2016,342060029,11/14/2016,2019,421.89,364.69,851795.91,736309.11,115486.8
Sub-Saharan Africa,Gabon,Snacks,Offline,C,08/02/2010,464235293,8/15/2010,6395,152.58,97.44,975749.1,623128.8,352620.3
Europe,Greece,Baby Food,Online,H,9/17/2016,454972875,10/14/2016,5439,255.28,159.42,1388467.92,867085.38,521382.54
Sub-Saharan Africa,Uganda,Snacks,Online,C,01/11/2011,395571601,1/20/2011,7282,152.58,97.44,1111087.56,709558.08,401529.48
Europe,Monaco,Cosmetics,Online,C,10/29/2015,887642800,12/03/2015,2085,437.2,263.33,911562,549043.05,362518.95
Europe,Lithuania,Snacks,Offline,L,10/25/2012,803110301,11/11/2012,7040,152.58,97.44,1074163.2,685977.6,388185.6
Middle East and North Africa,Azerbaijan,Vegetables,Online,C,1/22/2015,434210431,2/23/2015,1371,154.06,90.93,211216.26,124665.03,86551.23
Europe,Malta,Vegetables,Online,C,03/08/2010,143492019,4/21/2010,1332,154.06,90.93,205207.92,121118.76,84089.16
Sub-Saharan Africa,Namibia,Cosmetics,Offline,C,2/28/2017,813816392,3/31/2017,5210,437.2,263.33,2277812,1371949.3,905862.7
Europe,Kosovo,Personal Care,Online,H,5/25/2014,698357379,06/02/2014,8322,81.73,56.67,680157.06,471607.74,208549.32
Asia,Bhutan,Personal Care,Online,C,8/20/2011,370601308,8/26/2011,8017,81.73,56.67,655229.41,454323.39,200906.02
Australia and Oceania,Solomon Islands,Personal Care,Online,M,11/27/2015,474347007,01/10/2016,8675,81.73,56.67,709007.75,491612.25,217395.5
Europe,Slovakia,Clothes,Online,H,08/01/2012,373705804,9/20/2012,6707,109.28,35.84,732940.96,240378.88,492562.08
Asia,Taiwan,Fruits,Offline,M,8/14/2014,403101527,9/27/2014,5555,9.33,6.92,51828.15,38440.6,13387.55
Europe,Czech Republic,Baby Food,Offline,C,4/19/2013,517270505,4/28/2013,692,255.28,159.42,176653.76,110318.64,66335.12
Australia and Oceania,Samoa ,Baby Food,Offline,L,05/04/2012,741261565,5/20/2012,4624,255.28,159.42,1180414.72,737158.08,443256.64
Sub-Saharan Africa,Mauritius ,Cereal,Online,M,07/11/2016,720436036,8/30/2016,1888,205.7,117.11,388361.6,221103.68,167257.92
Australia and Oceania,Tonga,Cosmetics,Online,L,10/08/2012,170467746,11/08/2012,4049,437.2,263.33,1770222.8,1066223.17,703999.63
Europe,Ukraine,Clothes,Offline,H,10/09/2011,227343022,11/25/2011,4707,109.28,35.84,514380.96,168698.88,345682.08
Sub-Saharan Africa,Mauritius ,Household,Online,C,12/04/2013,297360694,12/24/2013,4492,668.27,502.54,3001868.84,2257409.68,744459.16
Middle East and North Africa,Oman,Vegetables,Online,M,2/19/2013,307132089,3/30/2013,6065,154.06,90.93,934373.9,551490.45,382883.45
Europe,Lithuania,Office Supplies,Online,L,9/20/2015,253581035,10/18/2015,9118,651.21,524.96,5937732.78,4786585.28,1151147.5
Australia and Oceania,Solomon Islands,Cereal,Offline,L,11/29/2013,653943860,12/26/2013,5375,205.7,117.11,1105637.5,629466.25,476171.25
Australia and Oceania,Australia,Snacks,Online,H,5/18/2012,295769393,5/30/2012,3591,152.58,97.44,547914.78,349907.04,198007.74
Asia,Philippines,Snacks,Online,C,11/05/2016,286918962,11/30/2016,4552,152.58,97.44,694544.16,443546.88,250997.28
Sub-Saharan Africa,Lesotho,Vegetables,Online,L,03/06/2015,905566394,4/18/2015,6074,154.06,90.93,935760.44,552308.82,383451.62
Asia,Thailand,Fruits,Online,M,06/10/2011,250198018,6/18/2011,8008,9.33,6.92,74714.64,55415.36,19299.28
Sub-Saharan Africa,Burkina Faso,Snacks,Online,H,7/23/2014,989612662,7/24/2014,7233,152.58,97.44,1103611.14,704783.52,398827.62
Sub-Saharan Africa,Sierra Leone,Clothes,Online,M,10/20/2011,912921655,11/05/2011,2660,109.28,35.84,290684.8,95334.4,195350.4
Europe,Vatican City,Cereal,Online,L,06/08/2010,579548823,07/11/2010,231,205.7,117.11,47516.7,27052.41,20464.29
Europe,Hungary,Office Supplies,Online,L,3/21/2011,169230496,05/09/2011,7919,651.21,524.96,5156931.99,4157158.24,999773.75
Europe,Sweden,Household,Offline,H,03/08/2012,832015502,4/23/2012,731,668.27,502.54,488505.37,367356.74,121148.63
Australia and Oceania,Fiji,Fruits,Online,C,06/09/2012,638265168,6/29/2012,5702,9.33,6.92,53199.66,39457.84,13741.82
Asia,Indonesia,Snacks,Online,M,12/07/2015,428653323,12/14/2015,6899,152.58,97.44,1052649.42,672238.56,380410.86
Asia,Singapore,Snacks,Online,H,7/15/2012,664166295,7/20/2012,421,152.58,97.44,64236.18,41022.24,23213.94
Sub-Saharan Africa,Malawi,Household,Online,H,2/14/2012,976102912,2/14/2012,9398,668.27,502.54,6280401.46,4722870.92,1557530.54
Sub-Saharan Africa,Cameroon,Personal Care,Online,C,6/23/2010,616074502,08/06/2010,8991,81.73,56.67,734834.43,509519.97,225314.46
Sub-Saharan Africa,Cote d'Ivoire,Beverages,Offline,M,10/23/2015,706004893,11/14/2015,1392,47.45,31.79,66050.4,44251.68,21798.72
Sub-Saharan Africa,Eritrea,Clothes,Offline,C,09/07/2014,188130414,10/14/2014,825,109.28,35.84,90156,29568,60588
Australia and Oceania,Solomon Islands,Cosmetics,Online,H,8/28/2013,774999892,9/24/2013,8545,437.2,263.33,3735874,2250154.85,1485719.15
Central America and the Caribbean,The Bahamas,Cereal,Online,H,10/09/2012,199474656,11/25/2012,7838,205.7,117.11,1612276.6,917908.18,694368.42
Australia and Oceania,Tuvalu,Meat,Offline,H,12/06/2016,764728534,01/11/2017,9022,421.89,364.69,3806291.58,3290233.18,516058.4
Sub-Saharan Africa,Cameroon,Fruits,Online,H,12/14/2016,794247853,02/02/2017,4445,9.33,6.92,41471.85,30759.4,10712.45
Europe,Montenegro,Cosmetics,Online,H,1/30/2016,481831443,03/01/2016,3486,437.2,263.33,1524079.2,917968.38,606110.82
Australia and Oceania,Kiribati,Clothes,Online,H,1/18/2011,541590631,2/22/2011,7558,109.28,35.84,825938.24,270878.72,555059.52
Middle East and North Africa,Tunisia ,Snacks,Online,H,01/06/2011,857949244,01/12/2011,5102,152.58,97.44,778463.16,497138.88,281324.28
Europe,Georgia,Clothes,Online,C,1/22/2011,935643613,1/24/2011,6592,109.28,35.84,720373.76,236257.28,484116.48
Central America and the Caribbean,El Salvador,Baby Food,Online,M,02/10/2011,349722564,03/02/2011,9533,255.28,159.42,2433584.24,1519750.86,913833.38
Middle East and North Africa,Saudi Arabia,Baby Food,Offline,C,03/01/2012,995547425,3/18/2012,3461,255.28,159.42,883524.08,551752.62,331771.46
Sub-Saharan Africa,Uganda,Cereal,Offline,H,6/30/2012,338792026,08/10/2012,4944,205.7,117.11,1016980.8,578991.84,437988.96
Asia,Uzbekistan,Fruits,Online,H,06/10/2011,865442693,6/13/2011,2580,9.33,6.92,24071.4,17853.6,6217.8
Sub-Saharan Africa,Sao Tome and Principe,Beverages,Online,L,03/09/2013,631798255,03/11/2013,1998,47.45,31.79,94805.1,63516.42,31288.68
Sub-Saharan Africa,Senegal,Beverages,Offline,C,06/01/2015,914470040,06/01/2015,861,47.45,31.79,40854.45,27371.19,13483.26
Europe,Germany,Office Supplies,Offline,M,02/02/2013,360381877,3/23/2013,3861,651.21,524.96,2514321.81,2026870.56,487451.25
Europe,Netherlands,Cosmetics,Offline,C,5/19/2017,836770093,5/29/2017,7720,437.2,263.33,3375184,2032907.6,1342276.4
Central America and the Caribbean,Guatemala,Cereal,Offline,C,01/07/2014,681183516,2/13/2014,6195,205.7,117.11,1274311.5,725496.45,548815.05
Middle East and North Africa,Libya,Snacks,Online,C,07/07/2012,551483476,8/21/2012,5070,152.58,97.44,773580.6,494020.8,279559.8
Asia,Cambodia,Cosmetics,Online,L,02/03/2012,275843799,03/10/2012,7165,437.2,263.33,3132538,1886759.45,1245778.55
Sub-Saharan Africa,Cape Verde,Personal Care,Online,H,01/12/2013,202750813,02/11/2013,7326,81.73,56.67,598753.98,415164.42,183589.56
Europe,Albania,Clothes,Online,M,11/25/2012,751003348,12/25/2012,7435,109.28,35.84,812496.8,266470.4,546026.4
Sub-Saharan Africa,Central African Republic,Beverages,Offline,C,4/29/2010,159712731,05/03/2010,1401,47.45,31.79,66477.45,44537.79,21939.66
Europe,Belarus,Meat,Offline,H,05/10/2016,338302791,5/22/2016,168,421.89,364.69,70877.52,61267.92,9609.6
Europe,Andorra,Snacks,Online,C,10/28/2012,116509854,11/18/2012,6710,152.58,97.44,1023811.8,653822.4,369989.4
Middle East and North Africa,Turkey,Cereal,Offline,H,09/11/2016,194382750,10/21/2016,1030,205.7,117.11,211871,120623.3,91247.7
Sub-Saharan Africa,Djibouti,Vegetables,Online,H,9/17/2015,892282807,10/28/2015,5166,154.06,90.93,795873.96,469744.38,326129.58
Central America and the Caribbean,Dominica,Household,Online,C,1/14/2010,800883853,2/16/2010,8184,668.27,502.54,5469121.68,4112787.36,1356334.32
Central America and the Caribbean,Guatemala,Baby Food,Offline,M,1/20/2016,831172215,03/01/2016,1184,255.28,159.42,302251.52,188753.28,113498.24
Australia and Oceania,Palau,Vegetables,Offline,H,02/12/2017,164446723,03/09/2017,2295,154.06,90.93,353567.7,208684.35,144883.35
Sub-Saharan Africa,Comoros,Vegetables,Offline,H,10/24/2012,302318704,11/02/2012,1677,154.06,90.93,258358.62,152489.61,105869.01
Europe,Bulgaria,Beverages,Offline,C,2/19/2015,116711986,2/27/2015,6525,47.45,31.79,309611.25,207429.75,102181.5
Asia,Nepal,Office Supplies,Offline,M,06/06/2014,799862897,7/24/2014,6061,651.21,524.96,3946983.81,3181782.56,765201.25
Sub-Saharan Africa,Madagascar,Clothes,Offline,M,6/18/2013,914320266,7/30/2013,6540,109.28,35.84,714691.2,234393.6,480297.6
Asia,North Korea,Cosmetics,Offline,L,1/27/2016,442945420,2/15/2016,6248,437.2,263.33,2731625.6,1645285.84,1086339.76
Sub-Saharan Africa,Seychelles ,Vegetables,Online,H,10/19/2015,338912189,12/03/2015,503,154.06,90.93,77492.18,45737.79,31754.39
Asia,Uzbekistan,Fruits,Online,H,10/26/2014,275706899,12/15/2014,6653,9.33,6.92,62072.49,46038.76,16033.73
Middle East and North Africa,Egypt,Meat,Online,C,08/03/2012,897128379,9/22/2012,9078,421.89,364.69,3829917.42,3310655.82,519261.6
Middle East and North Africa,Afghanistan,Cereal,Online,H,3/15/2017,667287957,04/11/2017,4190,205.7,117.11,861883,490690.9,371192.1
Central America and the Caribbean,Saint Vincent and the Grenadines,Cosmetics,Offline,L,4/26/2011,820609462,4/26/2011,5430,437.2,263.33,2373996,1429881.9,944114.1
Asia,Vietnam,Clothes,Online,M,07/06/2016,411829221,07/09/2016,8273,109.28,35.84,904073.44,296504.32,607569.12
Europe,Serbia,Snacks,Online,L,10/15/2013,365996062,10/20/2013,5223,152.58,97.44,796925.34,508929.12,287996.22
Europe,Macedonia,Fruits,Online,C,07/01/2015,328471314,08/12/2015,816,9.33,6.92,7613.28,5646.72,1966.56
Asia,Myanmar,Clothes,Online,L,2/16/2016,914928805,3/21/2016,6620,109.28,35.84,723433.6,237260.8,486172.8
Europe,United Kingdom,Cereal,Offline,L,3/24/2011,561354863,04/10/2011,6233,205.7,117.11,1282128.1,729946.63,552181.47
Asia,Vietnam,Baby Food,Online,C,05/07/2016,474048316,5/24/2016,286,255.28,159.42,73010.08,45594.12,27415.96
