Region,Country,Item Type,Sales Channel,Order Priority,Order Date,Order ID,Ship Date,Units Sold,Unit Price,Unit Cost,Total Revenue,Total Cost,Total Profit
Central America and the Caribbean,Guatemala,Household,Online,L,09/01/2011,814993989,09/07/2011,3687,668.27,502.54,2463911.49,1852864.98,611046.51
Central America and the Caribbean,El Salvador,Office Supplies,Online,H,9/17/2015,858946597,10/14/2015,241,651.21,524.96,156941.61,126515.36,30426.25
Central America and the Caribbean,Antigua and Barbuda ,Personal Care,Online,H,11/17/2014,630836522,12/14/2014,7400,81.73,56.67,604802,419358,185444
Sub-Saharan Africa,Angola,Cosmetics,Online,L,04/02/2015,211962592,4/22/2015,3296,437.2,263.33,1441011.2,867935.68,573075.52
Australia and Oceania,Samoa ,Snacks,Online,L,5/27/2016,203936135,6/25/2016,8089,152.58,97.44,1234219.62,788192.16,446027.46
Australia and Oceania,Federated States of Micronesia,Meat,Offline,H,03/11/2015,378680980,3/29/2015,8972,421.89,364.69,3785197.08,3271998.68,513198.4
Australia and Oceania,Australia,Personal Care,Online,M,02/06/2017,128433454,2/18/2017,5168,81.73,56.67,422380.64,292870.56,129510.08
Central America and the Caribbean,Nicaragua,Beverages,Online,M,05/02/2017,715742385,5/30/2017,2932,47.45,31.79,139123.4,93208.28,45915.12
Sub-Saharan Africa,Cape Verde,Snacks,Offline,L,2/24/2012,323469102,04/06/2012,550,152.58,97.44,83919,53592,30327
Asia,Turkmenistan,Snacks,Online,H,3/26/2010,804787433,4/15/2010,3340,152.58,97.44,509617.2,325449.6,184167.6
Sub-Saharan Africa,Rwanda,Cereal,Offline,M,10/06/2013,933183705,11/18/2013,8651,205.7,117.11,1779510.7,1013118.61,766392.09
Asia,Turkmenistan,Cereal,Offline,M,8/17/2014,452456748,9/13/2014,861,205.7,117.11,177107.7,100831.71,76275.99
Middle East and North Africa,Iran,Snacks,Online,C,05/04/2013,526717889,05/07/2013,6383,152.58,97.44,973918.14,621959.52,351958.62
Central America and the Caribbean,The Bahamas,Personal Care,Offline,L,04/11/2015,590390956,5/23/2015,8659,81.73,56.67,707700.07,490705.53,216994.54
Sub-Saharan Africa,Equatorial Guinea,Fruits,Offline,C,9/24/2011,598212277,10/19/2011,3161,9.33,6.92,29492.13,21874.12,7618.01
Central America and the Caribbean,Cuba,Snacks,Online,L,12/28/2013,575230681,1/21/2014,2396,152.58,97.44,365581.68,233466.24,132115.44
Sub-Saharan Africa,Namibia,Cosmetics,Online,H,09/10/2011,166807496,10/01/2011,900,437.2,263.33,393480,236997,156483
Central America and the Caribbean,Jamaica,Cereal,Online,L,6/19/2014,888616549,7/30/2014,239,205.7,117.11,49162.3,27989.29,21173.01
Asia,Bangladesh,Fruits,Online,H,4/16/2010,276644170,05/04/2010,4012,9.33,6.92,37431.96,27763.04,9668.92
Europe,Iceland,Vegetables,Online,H,9/19/2014,437189185,10/15/2014,2850,154.06,90.93,439071,259150.5,179920.5
Asia,South Korea,Beverages,Offline,C,1/25/2014,396862924,1/28/2014,9413,47.45,31.79,446646.85,299239.27,147407.58
Sub-Saharan Africa,Ethiopia,Meat,Online,L,8/29/2014,152589213,9/23/2014,3394,421.89,364.69,1431894.66,1237757.86,194136.8
Asia,Japan,Vegetables,Online,H,4/22/2016,221604382,5/21/2016,6516,154.06,90.93,1003854.96,592499.88,411355.08
Australia and Oceania,Australia,Beverages,Offline,H,02/05/2016,291457259,3/19/2016,7535,47.45,31.79,357535.75,239537.65,117998.1
Middle East and North Africa,United Arab Emirates,Vegetables,Offline,C,03/09/2012,570009171,3/16/2012,7236,154.06,90.93,1114778.16,657969.48,456808.68
Europe,Cyprus,Baby Food,Online,M,2/26/2015,435433948,2/27/2015,3436,255.28,159.42,877142.08,547767.12,329374.96
Middle East and North Africa,United Arab Emirates,Household,Offline,C,12/03/2013,686217916,12/18/2013,5985,668.27,502.54,3999595.95,3007701.9,991894.05
Central America and the Caribbean,Nicaragua,Household,Offline,L,06/02/2017,391159904,07/03/2017,1763,668.27,502.54,1178160.01,885978.02,292181.99
Sub-Saharan Africa,Sao Tome and Principe,Clothes,Offline,H,11/28/2012,939371240,01/09/2013,9680,109.28,35.84,1057830.4,346931.2,710899.2
Sub-Saharan Africa,Ghana,Snacks,Online,M,3/27/2015,190275752,4/24/2015,5678,152.58,97.44,866349.24,553264.32,313084.92
Asia,Maldives,Personal Care,Offline,L,01/02/2010,123609769,02/07/2010,7732,81.73,56.67,631936.36,438172.44,193763.92
Sub-Saharan Africa,Uganda,Beverages,Offline,L,5/27/2010,989422118,7/15/2010,847,47.45,31.79,40190.15,26926.13,13264.02
Middle East and North Africa,Somalia,Fruits,Online,L,7/13/2015,858074128,7/26/2015,2058,9.33,6.92,19201.14,14241.36,4959.78
Europe,Russia,Fruits,Online,C,03/12/2014,570239627,3/25/2014,5432,9.33,6.92,50680.56,37589.44,13091.12
Sub-Saharan Africa,Swaziland,Fruits,Online,H,5/31/2011,586904942,7/18/2011,7070,9.33,6.92,65963.1,48924.4,17038.7
Middle East and North Africa,Afghanistan,Clothes,Offline,C,1/20/2017,539368903,1/23/2017,99,109.28,35.84,10818.72,3548.16,7270.56
Sub-Saharan Africa,Mozambique,Cereal,Offline,L,10/06/2011,579242837,11/05/2011,9682,205.7,117.11,1991587.4,1133859.02,857728.38
Sub-Saharan Africa,Seychelles ,Office Supplies,Offline,C,4/28/2011,928450572,05/12/2011,8011,651.21,524.96,5216843.31,4205454.56,1011388.75
Asia,Philippines,Snacks,Offline,M,06/08/2017,529228436,6/17/2017,9310,152.58,97.44,1420519.8,907166.4,513353.4
Sub-Saharan Africa,Guinea-Bissau,Personal Care,Offline,L,12/11/2013,194125258,12/14/2013,4833,81.73,56.67,395001.09,273886.11,121114.98
Asia,Brunei,Meat,Offline,C,1/16/2016,356002366,03/06/2016,7866,421.89,364.69,3318586.74,2868651.54,449935.2
Europe,Czech Republic,Personal Care,Offline,M,6/24/2013,618033587,08/03/2013,8727,81.73,56.67,713257.71,494559.09,218698.62
Asia,Tajikistan,Personal Care,Online,L,3/21/2012,203705251,4/18/2012,9765,81.73,56.67,798093.45,553382.55,244710.9
Middle East and North Africa,Jordan,Office Supplies,Online,H,07/06/2015,206816184,07/12/2015,360,651.21,524.96,234435.6,188985.6,45450
Middle East and North Africa,Oman,Household,Offline,L,07/06/2012,441477715,08/06/2012,1921,668.27,502.54,1283746.67,965379.34,318367.33
Europe,Armenia,Baby Food,Offline,M,5/20/2012,792113673,07/06/2012,2893,255.28,159.42,738525.04,461202.06,277322.98
Europe,Germany,Clothes,Online,C,3/15/2010,763460385,3/26/2010,3749,109.28,35.84,409690.72,134364.16,275326.56
Sub-Saharan Africa,Liberia,Household,Online,H,6/21/2013,830566680,07/10/2013,1992,668.27,502.54,1331193.84,1001059.68,330134.16
Sub-Saharan Africa,Nigeria,Snacks,Online,C,08/12/2015,188793885,09/12/2015,7161,152.58,97.44,1092625.38,697767.84,394857.54
Asia,Uzbekistan,Clothes,Offline,H,11/25/2014,803815829,01/08/2015,5821,109.28,35.84,636118.88,208624.64,427494.24
Middle East and North Africa,Oman,Personal Care,Online,H,09/02/2010,661618840,9/19/2010,6572,81.73,56.67,537129.56,372435.24,164694.32
Australia and Oceania,Vanuatu,Office Supplies,Offline,C,09/08/2014,518501746,09/09/2014,5044,651.21,524.96,3284703.24,2647898.24,636805
Europe,Austria,Fruits,Offline,M,1/21/2017,751075875,1/28/2017,8897,9.33,6.92,83009.01,61567.24,21441.77
Europe,Austria,Fruits,Online,M,9/28/2012,906265056,11/05/2012,2824,9.33,6.92,26347.92,19542.08,6805.84
Asia,Philippines,Cosmetics,Offline,M,11/30/2012,151305615,12/03/2012,3549,437.2,263.33,1551622.8,934558.17,617064.63
Middle East and North Africa,Lebanon,Beverages,Online,C,11/16/2010,423746383,11/25/2010,4826,47.45,31.79,228993.7,153418.54,75575.16
Australia and Oceania,Palau,Cosmetics,Online,L,2/20/2016,581448686,03/10/2016,2442,437.2,263.33,1067642.4,643051.86,424590.54
Middle East and North Africa,Algeria,Personal Care,Offline,M,10/11/2012,452586352,11/17/2012,9214,81.73,56.67,753060.22,522157.38,230902.84
Europe,Macedonia,Snacks,Online,L,3/23/2016,385645711,4/21/2016,9991,152.58,97.44,1524426.78,973523.04,550903.74
Sub-Saharan Africa,Mauritius ,Office Supplies,Offline,C,6/21/2016,799425590,6/22/2016,6652,651.21,524.96,4331848.92,3492033.92,839815
Europe,Andorra,Household,Online,M,2/22/2012,833037316,3/15/2012,3109,668.27,502.54,2077651.43,1562396.86,515254.57
Asia,Thailand,Cereal,Offline,C,4/18/2014,595904719,06/06/2014,304,205.7,117.11,62532.8,35601.44,26931.36
Central America and the Caribbean,Cuba,Clothes,Online,C,4/27/2012,717764127,4/27/2012,1210,109.28,35.84,132228.8,43366.4,88862.4
Middle East and North Africa,Tunisia ,Cereal,Offline,M,8/16/2015,998664367,9/21/2015,5834,205.7,117.11,1200053.8,683219.74,516834.06
Central America and the Caribbean,Panama,Cereal,Offline,C,12/09/2011,858966767,01/04/2012,6209,205.7,117.11,1277191.3,727135.99,550055.31
Central America and the Caribbean,Honduras,Snacks,Offline,H,7/31/2016,689345157,09/01/2016,1405,152.58,97.44,214374.9,136903.2,77471.7
Australia and Oceania,Tonga,Cosmetics,Online,M,8/21/2015,500785863,9/15/2015,2520,437.2,263.33,1101744,663591.6,438152.4
Sub-Saharan Africa,Uganda,Fruits,Offline,C,03/10/2015,374587714,3/29/2015,7684,9.33,6.92,71691.72,53173.28,18518.44
Europe,Montenegro,Personal Care,Online,L,10/23/2014,912362039,11/30/2014,7057,81.73,56.67,576768.61,399920.19,176848.42
Asia,Japan,Cereal,Offline,M,05/11/2011,986032664,6/23/2011,7832,205.7,117.11,1611042.4,917205.52,693836.88
Asia,Kazakhstan,Vegetables,Online,C,4/26/2010,887835919,05/08/2010,9233,154.06,90.93,1422435.98,839556.69,582879.29
Middle East and North Africa,Jordan,Baby Food,Offline,C,6/18/2014,980320632,6/28/2014,7515,255.28,159.42,1918429.2,1198041.3,720387.9
Asia,Philippines,Office Supplies,Online,M,6/24/2012,346348130,07/08/2012,963,651.21,524.96,627115.23,505536.48,121578.75
Sub-Saharan Africa,Liberia,Cosmetics,Online,H,1/20/2013,839092242,03/02/2013,4896,437.2,263.33,2140531.2,1289263.68,851267.52
Middle East and North Africa,Bahrain,Office Supplies,Offline,L,10/18/2010,332039296,11/06/2010,6661,651.21,524.96,4337709.81,3496758.56,840951.25
Europe,Switzerland,Personal Care,Online,C,9/23/2012,368988120,10/10/2012,639,81.73,56.67,52225.47,36212.13,16013.34
Asia,China,Clothes,Online,L,10/21/2011,314050042,11/05/2011,3241,109.28,35.84,354176.48,116157.44,238019.04
Europe,Armenia,Cereal,Offline,C,5/24/2013,501648890,6/27/2013,7909,205.7,117.11,1626881.3,926222.99,700658.31
Sub-Saharan Africa,Eritrea,Personal Care,Offline,M,5/13/2016,886520993,5/16/2016,117,81.73,56.67,9562.41,6630.39,2932.02
Europe,Albania,Fruits,Offline,L,11/09/2016,593715178,12/26/2016,2370,9.33,6.92,22112.1,16400.4,5711.7
Central America and the Caribbean,Honduras,Snacks,Online,L,1/30/2012,168592774,3/18/2012,9203,152.58,97.44,1404193.74,896740.32,507453.42
Sub-Saharan Africa,Zimbabwe,Vegetables,Offline,M,09/01/2011,226827609,9/29/2011,2185,154.06,90.93,336621.1,198682.05,137939.05
Middle East and North Africa,Kuwait,Cosmetics,Online,L,03/03/2011,104406011,3/26/2011,4914,437.2,263.33,2148400.8,1294003.62,854397.18
Sub-Saharan Africa,Sudan,Fruits,Offline,H,12/27/2010,107626807,01/03/2011,8019,9.33,6.92,74817.27,55491.48,19325.79
Europe,Armenia,Beverages,Offline,M,08/04/2012,163101327,8/23/2012,4162,47.45,31.79,197486.9,132309.98,65176.92
Asia,Philippines,Beverages,Offline,C,9/24/2014,267753398,10/26/2014,3035,47.45,31.79,144010.75,96482.65,47528.1
Australia and Oceania,East Timor,Vegetables,Online,C,3/19/2017,938819348,4/24/2017,6363,154.06,90.93,980283.78,578587.59,401696.19
Sub-Saharan Africa,Ethiopia,Clothes,Online,L,2/16/2017,963848006,2/23/2017,2899,109.28,35.84,316802.72,103900.16,212902.56
Europe,Moldova ,Fruits,Online,C,8/20/2012,550700700,9/26/2012,3430,9.33,6.92,32001.9,23735.6,8266.3
Middle East and North Africa,Syria,Cereal,Offline,H,4/23/2014,877551257,4/26/2014,5773,205.7,117.11,1187506.1,676076.03,511430.07
Europe,Finland,Fruits,Online,L,1/28/2011,942886006,3/19/2011,9777,9.33,6.92,91219.41,67656.84,23562.57
Europe,Albania,Beverages,Offline,C,11/09/2011,715503776,11/12/2011,2322,47.45,31.79,110178.9,73816.38,36362.52
Europe,Romania,Beverages,Online,H,6/30/2011,684515893,07/10/2011,2319,47.45,31.79,110036.55,73721.01,36315.54
Sub-Saharan Africa,Gabon,Cereal,Online,M,04/04/2017,509346187,04/05/2017,5710,205.7,117.11,1174547,668698.1,505848.9
Sub-Saharan Africa,Sao Tome and Principe,Fruits,Offline,M,10/04/2014,369730985,10/25/2014,469,9.33,6.92,4375.77,3245.48,1130.29
Sub-Saharan Africa,Seychelles ,Cereal,Online,M,03/05/2017,515719115,03/09/2017,1601,205.7,117.11,329325.7,187493.11,141832.59
Sub-Saharan Africa,Liberia,Fruits,Online,M,1/14/2016,817671906,2/29/2016,6142,9.33,6.92,57304.86,42502.64,14802.22
Asia,India,Fruits,Online,L,4/20/2015,316263186,5/22/2015,8160,9.33,6.92,76132.8,56467.2,19665.6
Sub-Saharan Africa,Sao Tome and Principe,Meat,Online,C,5/29/2012,372479283,06/08/2012,3752,421.89,364.69,1582931.28,1368316.88,214614.4
Australia and Oceania,East Timor,Meat,Offline,L,3/24/2017,617619025,04/10/2017,6049,421.89,364.69,2552012.61,2206009.81,346002.8
