Region,Country,Item Type,Sales Channel,Order Priority,Order Date,Order ID,Ship Date,Units Sold,Unit Price,Unit Cost,Total Revenue,Total Cost,Total Profit
Asia,Malaysia,Clothes,Offline,C,12/03/2014,789529740,12/25/2014,8250,109.28,35.84,901560,295680,605880
Middle East and North Africa,Azerbaijan,Beverages,Online,M,06/03/2017,372386157,07/11/2017,6194,47.45,31.79,293905.3,196907.26,96998.04
Asia,Maldives,Cereal,Offline,H,04/05/2017,692164266,4/20/2017,5642,205.7,117.11,1160559.4,660734.62,499824.78
Sub-Saharan Africa,South Africa,Snacks,Online,L,01/02/2012,367662894,01/12/2012,8476,152.58,97.44,1293268.08,825901.44,467366.64
Europe,San Marino,Meat,Offline,H,06/05/2015,337993371,7/18/2015,8604,421.89,364.69,3629941.56,3137792.76,492148.8
Middle East and North Africa,Pakistan,Personal Care,Online,M,11/11/2015,712579524,11/27/2015,6971,81.73,56.67,569739.83,395046.57,174693.26
Europe,Denmark,Fruits,Offline,C,04/12/2010,321157681,4/15/2010,6550,9.33,6.92,61111.5,45326,15785.5
Europe,Latvia,Snacks,Offline,L,8/26/2015,763776671,09/07/2015,7345,152.58,97.44,1120700.1,715696.8,405003.3
Australia and Oceania,Fiji,Fruits,Offline,H,2/22/2012,560797822,03/06/2012,1393,9.33,6.92,12996.69,9639.56,3357.13
Sub-Saharan Africa,Mauritania,Household,Offline,H,1/26/2015,102894961,02/12/2015,7760,668.27,502.54,5185775.2,3899710.4,1286064.8
Sub-Saharan Africa,Namibia,Baby Food,Online,C,07/08/2010,301054418,8/24/2010,7547,255.28,159.42,1926598.16,1203142.74,723455.42
Middle East and North Africa,Afghanistan,Cosmetics,Online,L,2/21/2012,336575019,03/05/2012,8882,437.2,263.33,3883210.4,2338897.06,1544313.34
Sub-Saharan Africa,Namibia,Baby Food,Online,M,12/10/2011,811068093,1/21/2012,1927,255.28,159.42,491924.56,307202.34,184722.22
Europe,Czech Republic,Fruits,Offline,C,05/05/2014,596457469,6/20/2014,3875,9.33,6.92,36153.75,26815,9338.75
Australia and Oceania,Solomon Islands,Office Supplies,Online,C,04/07/2017,884979474,04/07/2017,3947,651.21,524.96,2570325.87,2072017.12,498308.75
Europe,Vatican City,Fruits,Online,H,11/28/2015,239182937,12/19/2015,8401,9.33,6.92,78381.33,58134.92,20246.41
Central America and the Caribbean,Dominica,Cereal,Online,L,02/07/2014,441929185,3/15/2014,5521,205.7,117.11,1135669.7,646564.31,489105.39
Middle East and North Africa,Iran,Meat,Offline,H,12/18/2012,646392047,12/28/2012,626,421.89,364.69,264103.14,228295.94,35807.2
Middle East and North Africa,Jordan,Clothes,Offline,C,09/02/2014,526057851,9/27/2014,1063,109.28,35.84,116164.64,38097.92,78066.72
Australia and Oceania,Marshall Islands,Cereal,Offline,M,02/06/2011,724725425,3/24/2011,1213,205.7,117.11,249514.1,142054.43,107459.67
Central America and the Caribbean,Grenada,Clothes,Offline,M,05/09/2010,606506097,5/13/2010,7487,109.28,35.84,818179.36,268334.08,549845.28
Sub-Saharan Africa,The Gambia,Snacks,Online,M,3/24/2010,505823695,4/13/2010,3327,152.58,97.44,507633.66,324182.88,183450.78
Sub-Saharan Africa,Sierra Leone,Fruits,Online,M,2/28/2017,377414548,3/26/2017,4207,9.33,6.92,39251.31,29112.44,10138.87
Sub-Saharan Africa,Madagascar,Cereal,Offline,L,2/25/2012,246327483,04/08/2012,2631,205.7,117.11,541196.7,308116.41,233080.29
Europe,Austria,Cereal,Online,C,2/15/2015,657923829,2/18/2015,3136,205.7,117.11,645075.2,367256.96,277818.24
Europe,Serbia,Fruits,Offline,H,12/29/2012,427877414,1/30/2013,7290,9.33,6.92,68015.7,50446.8,17568.9
Europe,Macedonia,Cereal,Offline,C,6/17/2016,692174565,6/29/2016,8690,205.7,117.11,1787533,1017685.9,769847.1
Europe,Spain,Vegetables,Offline,L,10/12/2010,857114112,11/01/2010,7968,154.06,90.93,1227550.08,724530.24,503019.84
Asia,North Korea,Meat,Online,C,7/24/2012,849307382,09/04/2012,7783,421.89,364.69,3283569.87,2838382.27,445187.6
Sub-Saharan Africa,Ghana,Cereal,Online,H,12/25/2012,665678203,12/28/2012,7828,205.7,117.11,1610219.6,916737.08,693482.52
Middle East and North Africa,Somalia,Meat,Offline,L,11/10/2011,823462903,12/23/2011,9827,421.89,364.69,4145913.03,3583808.63,562104.4
Europe,Poland,Cereal,Offline,L,11/04/2013,110210311,12/11/2013,2535,205.7,117.11,521449.5,296873.85,224575.65
Europe,Austria,Cereal,Offline,C,02/06/2017,533781754,03/06/2017,6738,205.7,117.11,1386006.6,789087.18,596919.42
Asia,Bangladesh,Personal Care,Offline,C,1/21/2017,572351062,03/05/2017,253,81.73,56.67,20677.69,14337.51,6340.18
Sub-Saharan Africa,Ethiopia,Clothes,Offline,C,3/20/2010,124404561,04/12/2010,2929,109.28,35.84,320081.12,104975.36,215105.76
Asia,Maldives,Personal Care,Online,L,1/24/2013,958741080,1/24/2013,1646,81.73,56.67,134527.58,93278.82,41248.76
Europe,Macedonia,Baby Food,Online,L,11/19/2012,864471948,12/07/2012,5315,255.28,159.42,1356813.2,847317.3,509495.9
Central America and the Caribbean,Grenada,Beverages,Online,L,12/06/2016,401020991,12/12/2016,9878,47.45,31.79,468711.1,314021.62,154689.48
Europe,France,Baby Food,Offline,H,10/27/2010,648124539,11/08/2010,3309,255.28,159.42,844721.52,527520.78,317200.74
Sub-Saharan Africa,The Gambia,Cereal,Offline,M,4/23/2015,955831420,05/11/2015,613,205.7,117.11,126094.1,71788.43,54305.67
Sub-Saharan Africa,Nigeria,Personal Care,Offline,M,05/08/2014,294502961,5/29/2014,8826,81.73,56.67,721348.98,500169.42,221179.56
Australia and Oceania,Samoa ,Vegetables,Online,H,11/24/2011,404812991,11/28/2011,2015,154.06,90.93,310430.9,183223.95,127206.95
Europe,Netherlands,Meat,Offline,H,12/19/2012,847747838,01/06/2013,6279,421.89,364.69,2649047.31,2289888.51,359158.8
Australia and Oceania,Australia,Household,Online,H,4/14/2012,354606330,06/02/2012,4748,668.27,502.54,3172945.96,2386059.92,786886.04
Australia and Oceania,New Zealand,Cereal,Offline,C,3/19/2013,876999795,05/02/2013,2583,205.7,117.11,531323.1,302495.13,228827.97
Europe,United Kingdom,Baby Food,Offline,C,5/22/2016,836852061,07/05/2016,1976,255.28,159.42,504433.28,315013.92,189419.36
Europe,Montenegro,Office Supplies,Offline,H,12/12/2015,976399457,1/30/2016,7152,651.21,524.96,4657453.92,3754513.92,902940
Australia and Oceania,Nauru,Household,Offline,C,11/12/2010,308190810,12/31/2010,9364,668.27,502.54,6257680.28,4705784.56,1551895.72
Middle East and North Africa,Israel,Personal Care,Offline,H,05/04/2016,165087449,6/19/2016,1900,81.73,56.67,155287,107673,47614
Central America and the Caribbean,Saint Vincent and the Grenadines,Cosmetics,Online,L,7/21/2014,150263202,8/22/2014,5075,437.2,263.33,2218790,1336399.75,882390.25
Sub-Saharan Africa,Ethiopia,Cereal,Offline,C,6/21/2011,387204396,07/02/2011,1240,205.7,117.11,255068,145216.4,109851.6
Europe,Andorra,Vegetables,Offline,L,05/01/2010,169709861,5/27/2010,9774,154.06,90.93,1505782.44,888749.82,617032.62
Australia and Oceania,East Timor,Vegetables,Offline,M,06/12/2015,211890923,7/15/2015,2088,154.06,90.93,321677.28,189861.84,131815.44
Sub-Saharan Africa,Guinea,Baby Food,Online,M,04/02/2013,398171412,4/28/2013,6624,255.28,159.42,1690974.72,1055998.08,634976.64
Sub-Saharan Africa,Guinea,Personal Care,Offline,C,12/23/2013,233287656,01/05/2014,3856,81.73,56.67,315150.88,218519.52,96631.36
Europe,Belarus,Clothes,Online,L,7/19/2017,192288482,8/28/2017,1290,109.28,35.84,140971.2,46233.6,94737.6
Central America and the Caribbean,Cuba,Household,Offline,L,5/23/2017,370535218,06/07/2017,8460,668.27,502.54,5653564.2,4251488.4,1402075.8
Europe,Andorra,Snacks,Offline,H,10/10/2011,933701694,11/15/2011,1935,152.58,97.44,295242.3,188546.4,106695.9
Sub-Saharan Africa,Zimbabwe,Fruits,Online,M,03/09/2015,767774236,3/22/2015,313,9.33,6.92,2920.29,2165.96,754.33
Europe,Liechtenstein,Fruits,Online,L,8/30/2016,629051673,10/16/2016,9224,9.33,6.92,86059.92,63830.08,22229.84
Central America and the Caribbean,Barbados,Household,Online,C,11/23/2013,894145333,01/10/2014,6329,668.27,502.54,4229480.83,3180575.66,1048905.17
Central America and the Caribbean,Dominican Republic,Clothes,Offline,H,12/25/2016,209979045,01/11/2017,6320,109.28,35.84,690649.6,226508.8,464140.8
Central America and the Caribbean,Dominica,Fruits,Offline,M,5/20/2014,443789136,06/08/2014,5922,9.33,6.92,55252.26,40980.24,14272.02
Asia,Cambodia,Baby Food,Online,C,7/16/2014,833124434,7/21/2014,8889,255.28,159.42,2269183.92,1417084.38,852099.54
Europe,Andorra,Household,Online,H,10/28/2011,235846269,12/08/2011,1007,668.27,502.54,672947.89,506057.78,166890.11
Asia,Taiwan,Cereal,Offline,M,01/09/2013,280128467,02/07/2013,5093,205.7,117.11,1047630.1,596441.23,451188.87
Middle East and North Africa,Israel,Clothes,Offline,C,11/10/2010,414457356,12/18/2010,5997,109.28,35.84,655352.16,214932.48,440419.68
North America,United States of America,Cosmetics,Offline,H,6/18/2010,157631766,07/10/2010,5597,437.2,263.33,2447008.4,1473858.01,973150.39
Asia,Thailand,Snacks,Offline,L,6/18/2010,448763024,6/18/2010,7806,152.58,97.44,1191039.48,760616.64,430422.84
Middle East and North Africa,Syria,Baby Food,Online,L,05/02/2014,497274959,5/31/2014,3566,255.28,159.42,910328.48,568491.72,341836.76
Asia,Turkmenistan,Baby Food,Offline,C,6/25/2011,932903897,7/23/2011,5849,255.28,159.42,1493132.72,932447.58,560685.14
Europe,Kosovo,Cereal,Offline,L,4/20/2011,655698668,4/26/2011,4662,205.7,117.11,958973.4,545966.82,413006.58
Europe,Ukraine,Vegetables,Online,C,09/03/2016,886020600,10/09/2016,2040,154.06,90.93,314282.4,185497.2,128785.2
Europe,Liechtenstein,Clothes,Online,H,8/17/2012,214543521,09/11/2012,7050,109.28,35.84,770424,252672,517752
Sub-Saharan Africa,Mozambique,Vegetables,Online,L,7/15/2015,452253758,09/01/2015,792,154.06,90.93,122015.52,72016.56,49998.96
Australia and Oceania,Nauru,Baby Food,Offline,M,05/03/2016,780450141,5/18/2016,1395,255.28,159.42,356115.6,222390.9,133724.7
Sub-Saharan Africa,Senegal,Office Supplies,Offline,M,08/10/2014,900743997,8/13/2014,9020,651.21,524.96,5873914.2,4735139.2,1138775
Australia and Oceania,Solomon Islands,Meat,Offline,C,10/08/2014,585059154,11/01/2014,860,421.89,364.69,362825.4,313633.4,49192
Sub-Saharan Africa,Benin,Snacks,Offline,C,9/28/2014,125631940,10/01/2014,6138,152.58,97.44,936536.04,598086.72,338449.32
Central America and the Caribbean,Saint Vincent and the Grenadines,Beverages,Online,M,4/18/2017,785011184,4/25/2017,1109,47.45,31.79,52622.05,35255.11,17366.94
Central America and the Caribbean,Antigua and Barbuda ,Vegetables,Offline,H,2/14/2011,746058213,2/26/2011,4059,154.06,90.93,625329.54,369084.87,256244.67
Europe,Kosovo,Meat,Online,C,6/22/2012,961946856,7/27/2012,306,421.89,364.69,129098.34,111595.14,17503.2
Asia,Malaysia,Clothes,Offline,C,12/17/2015,206163442,12/21/2015,7199,109.28,35.84,786706.72,258012.16,528694.56
Sub-Saharan Africa,Sudan,Fruits,Online,C,6/19/2013,922506797,7/28/2013,9116,9.33,6.92,85052.28,63082.72,21969.56
Asia,Brunei,Vegetables,Offline,C,1/29/2013,675088250,2/17/2013,2470,154.06,90.93,380528.2,224597.1,155931.1
Asia,Kazakhstan,Baby Food,Offline,H,08/09/2012,698331630,8/23/2012,703,255.28,159.42,179461.84,112072.26,67389.58
Europe,Monaco,Fruits,Offline,L,11/29/2010,946973264,12/06/2010,9287,9.33,6.92,86647.71,64266.04,22381.67
Asia,South Korea,Cosmetics,Online,M,9/15/2011,546061980,10/04/2011,730,437.2,263.33,319156,192230.9,126925.1
Central America and the Caribbean,Saint Kitts and Nevis ,Meat,Online,C,3/14/2012,940959107,4/16/2012,9565,421.89,364.69,4035377.85,3488259.85,547118
Europe,Estonia,Cosmetics,Online,C,6/16/2014,947338473,07/08/2014,7361,437.2,263.33,3218229.2,1938372.13,1279857.07
Middle East and North Africa,Iran,Household,Online,H,01/09/2014,801186406,1/30/2014,7717,668.27,502.54,5157039.59,3878101.18,1278938.41
Central America and the Caribbean,Costa Rica,Beverages,Offline,M,4/23/2011,808801734,4/28/2011,1261,47.45,31.79,59834.45,40087.19,19747.26
Sub-Saharan Africa,Rwanda,Fruits,Offline,M,05/07/2015,896795785,5/17/2015,656,9.33,6.92,6120.48,4539.52,1580.96
Sub-Saharan Africa,Burundi,Fruits,Offline,H,4/25/2017,162092387,05/08/2017,5594,9.33,6.92,52192.02,38710.48,13481.54
Sub-Saharan Africa,Cape Verde,Cosmetics,Offline,H,01/09/2017,921927869,01/11/2017,7799,437.2,263.33,3409722.8,2053710.67,1356012.13
Sub-Saharan Africa,Rwanda,Household,Online,C,7/26/2011,163851058,7/30/2011,6024,668.27,502.54,4025658.48,3027300.96,998357.52
Asia,China,Personal Care,Online,C,3/27/2014,795723283,04/06/2014,1057,81.73,56.67,86388.61,59900.19,26488.42
Europe,Slovakia,Office Supplies,Online,M,11/24/2012,395718371,01/12/2013,715,651.21,524.96,465615.15,375346.4,90268.75
Europe,Kosovo,Baby Food,Online,H,8/17/2011,662322652,8/27/2011,4846,255.28,159.42,1237086.88,772549.32,464537.56
Europe,Armenia,Personal Care,Online,L,10/06/2011,664334952,11/01/2011,330,81.73,56.67,26970.9,18701.1,8269.8
