Region,Country,Item Type,Sales Channel,Order Priority,Order Date,Order ID,Ship Date,Units Sold,Unit Price,Unit Cost,Total Revenue,Total Cost,Total Profit
Middle East and North Africa,Kuwait,Office Supplies,Offline,H,3/19/2010,997444283,4/20/2010,4784,651.21,524.96,3115388.64,2511408.64,603980
Europe,Estonia,Snacks,Online,M,11/01/2012,479391276,11/25/2012,1387,152.58,97.44,211628.46,135149.28,76479.18
Europe,Finland,Vegetables,Offline,C,11/04/2012,682439649,12/05/2012,7912,154.06,90.93,1218922.72,719438.16,499484.56
Sub-Saharan Africa,Chad,Snacks,Online,L,02/12/2011,844138228,2/16/2011,8115,152.58,97.44,1238186.7,790725.6,447461.1
Sub-Saharan Africa,Lesotho,Cereal,Online,L,2/28/2017,722348344,03/11/2017,7782,205.7,117.11,1600757.4,911350.02,689407.38
Europe,Greece,Household,Online,C,1/22/2015,145243823,1/25/2015,9730,668.27,502.54,6502267.1,4889714.2,1612552.9
Asia,Maldives,Fruits,Offline,H,8/31/2012,361310994,10/19/2012,8807,9.33,6.92,82169.31,60944.44,21224.87
Australia and Oceania,Tonga,Vegetables,Offline,L,02/12/2015,889348685,2/13/2015,6894,154.06,90.93,1062089.64,626871.42,435218.22
Asia,Cambodia,Vegetables,Offline,L,6/19/2013,868468225,7/21/2013,7902,154.06,90.93,1217382.12,718528.86,498853.26
Europe,Spain,Household,Offline,C,03/12/2011,408093440,4/27/2011,2773,668.27,502.54,1853112.71,1393543.42,459569.29
Central America and the Caribbean,Saint Vincent and the Grenadines,Office Supplies,Offline,H,11/04/2012,137960660,11/16/2012,4480,651.21,524.96,2917420.8,2351820.8,565600
Asia,Mongolia,Cereal,Offline,H,09/01/2012,758118712,10/12/2012,3029,205.7,117.11,623065.3,354726.19,268339.11
Europe,Austria,Meat,Online,M,7/21/2013,788928925,7/24/2013,456,421.89,364.69,192381.84,166298.64,26083.2
Middle East and North Africa,Azerbaijan,Snacks,Online,C,09/02/2015,621065127,09/10/2015,5827,152.58,97.44,889083.66,567782.88,321300.78
Europe,Russia,Cereal,Online,M,09/01/2012,265513646,10/01/2012,243,205.7,117.11,49985.1,28457.73,21527.37
Europe,Liechtenstein,Cosmetics,Offline,L,8/21/2010,703573310,9/20/2010,1832,437.2,263.33,800950.4,482420.56,318529.84
Asia,Bhutan,Clothes,Online,L,9/21/2016,736855447,10/23/2016,756,109.28,35.84,82615.68,27095.04,55520.64
Sub-Saharan Africa,Eritrea,Household,Offline,L,8/19/2012,137283885,8/19/2012,4207,668.27,502.54,2811411.89,2114185.78,697226.11
Australia and Oceania,Marshall Islands,Meat,Online,L,06/06/2011,997094953,6/16/2011,1409,421.89,364.69,594443.01,513848.21,80594.8
Europe,Georgia,Beverages,Offline,C,11/20/2015,978837478,12/16/2015,8616,47.45,31.79,408829.2,273902.64,134926.56
Central America and the Caribbean,Dominica,Fruits,Online,L,09/08/2014,965372788,10/05/2014,4116,9.33,6.92,38402.28,28482.72,9919.56
Central America and the Caribbean,Trinidad and Tobago,Cosmetics,Online,C,07/09/2016,109874713,08/06/2016,3224,437.2,263.33,1409532.8,848975.92,560556.88
Europe,San Marino,Clothes,Online,H,12/29/2015,785829579,01/07/2016,3290,109.28,35.84,359531.2,117913.6,241617.6
Europe,Estonia,Meat,Online,C,7/22/2012,937036216,8/29/2012,8694,421.89,364.69,3667911.66,3170614.86,497296.8
Europe,Malta,Vegetables,Online,H,4/23/2014,827605950,06/08/2014,5847,154.06,90.93,900788.82,531667.71,369121.11
Europe,Bulgaria,Household,Online,H,6/23/2011,791962611,6/23/2011,8191,668.27,502.54,5473799.57,4116305.14,1357494.43
Europe,Russia,Fruits,Offline,C,07/01/2010,784842526,08/06/2010,1199,9.33,6.92,11186.67,8297.08,2889.59
Sub-Saharan Africa,The Gambia,Cosmetics,Offline,L,02/01/2015,831294524,2/24/2015,7378,437.2,263.33,3225661.6,1942848.74,1282812.86
Australia and Oceania,East Timor,Fruits,Offline,M,11/17/2014,576679933,01/02/2015,1262,9.33,6.92,11774.46,8733.04,3041.42
Asia,Sri Lanka,Vegetables,Online,M,12/09/2011,636672580,01/03/2012,4419,154.06,90.93,680791.14,401819.67,278971.47
Europe,Estonia,Baby Food,Online,C,12/15/2016,347258794,02/02/2017,449,255.28,159.42,114620.72,71579.58,43041.14
Asia,Indonesia,Cosmetics,Offline,H,03/12/2015,914737403,4/20/2015,9980,437.2,263.33,4363256,2628033.4,1735222.6
Europe,Switzerland,Cereal,Offline,L,09/09/2015,465719735,10/13/2015,5674,205.7,117.11,1167141.8,664482.14,502659.66
Europe,Portugal,Office Supplies,Offline,M,03/11/2017,797129619,3/20/2017,7223,651.21,524.96,4703689.83,3791786.08,911903.75
Europe,Serbia,Office Supplies,Online,H,12/09/2011,626203382,12/12/2011,6351,651.21,524.96,4135834.71,3334020.96,801813.75
Central America and the Caribbean,Barbados,Personal Care,Offline,L,03/01/2012,540489852,4/14/2012,1813,81.73,56.67,148176.49,102742.71,45433.78
Central America and the Caribbean,Belize,Cereal,Online,M,01/10/2016,747850358,1/30/2016,4395,205.7,117.11,904051.5,514698.45,389353.05
Sub-Saharan Africa,Guinea,Cereal,Offline,H,5/21/2011,626458728,06/01/2011,1914,205.7,117.11,393709.8,224148.54,169561.26
Europe,Croatia,Household,Offline,L,6/14/2017,974801290,6/23/2017,4219,668.27,502.54,2819431.13,2120216.26,699214.87
Sub-Saharan Africa,Gabon,Snacks,Offline,H,11/12/2012,861676871,12/27/2012,8189,152.58,97.44,1249477.62,797936.16,451541.46
Europe,Ukraine,Meat,Online,C,03/08/2015,776196801,3/18/2015,2737,421.89,364.69,1154712.93,998156.53,156556.4
Europe,Montenegro,Personal Care,Online,C,07/10/2016,377784907,8/18/2016,3804,81.73,56.67,310900.92,215572.68,95328.24
Middle East and North Africa,Saudi Arabia,Snacks,Offline,M,1/27/2010,746177518,2/20/2010,9364,152.58,97.44,1428759.12,912428.16,516330.96
Asia,Bhutan,Baby Food,Online,L,08/02/2016,331423461,08/02/2016,4422,255.28,159.42,1128848.16,704955.24,423892.92
Sub-Saharan Africa,The Gambia,Personal Care,Online,M,06/12/2012,803884065,6/26/2012,6014,81.73,56.67,491524.22,340813.38,150710.84
Sub-Saharan Africa,Sudan,Fruits,Offline,L,10/02/2016,304233157,11/21/2016,8207,9.33,6.92,76571.31,56792.44,19778.87
Central America and the Caribbean,Saint Vincent and the Grenadines,Vegetables,Offline,M,10/22/2011,193457067,10/27/2011,7100,154.06,90.93,1093826,645603,448223
Sub-Saharan Africa,Equatorial Guinea,Vegetables,Offline,C,1/16/2015,102854621,02/03/2015,5823,154.06,90.93,897091.38,529485.39,367605.99
Sub-Saharan Africa,Central African Republic,Meat,Online,L,09/07/2014,184037148,10/15/2014,9537,421.89,364.69,4023564.93,3478048.53,545516.4
Europe,Spain,Cereal,Online,M,5/14/2011,658928477,5/15/2011,434,205.7,117.11,89273.8,50825.74,38448.06
Australia and Oceania,Palau,Fruits,Online,C,5/15/2014,469764935,5/26/2014,2738,9.33,6.92,25545.54,18946.96,6598.58
Europe,Finland,Baby Food,Offline,M,02/06/2015,429095351,02/12/2015,7705,255.28,159.42,1966932.4,1228331.1,738601.3
Sub-Saharan Africa,Ethiopia,Office Supplies,Offline,C,08/10/2013,969781053,9/19/2013,8619,651.21,524.96,5612778.99,4524630.24,1088148.75
Sub-Saharan Africa,Cape Verde,Office Supplies,Offline,M,10/18/2014,794995868,10/20/2014,5799,651.21,524.96,3776366.79,3044243.04,732123.75
Central America and the Caribbean,Dominican Republic,Snacks,Online,C,1/19/2017,928226125,03/09/2017,1592,152.58,97.44,242907.36,155124.48,87782.88
Middle East and North Africa,Saudi Arabia,Vegetables,Online,C,1/17/2016,663270652,02/08/2016,5380,154.06,90.93,828842.8,489203.4,339639.4
Europe,Bosnia and Herzegovina,Household,Online,H,02/01/2016,714240777,2/29/2016,8573,668.27,502.54,5729078.71,4308275.42,1420803.29
Sub-Saharan Africa,Sudan,Meat,Offline,H,03/10/2011,965560328,3/20/2011,9613,421.89,364.69,4055628.57,3505764.97,549863.6
Australia and Oceania,Kiribati,Fruits,Online,M,7/28/2011,921965634,8/24/2011,8974,9.33,6.92,83727.42,62100.08,21627.34
Sub-Saharan Africa,Mauritius ,Meat,Online,M,03/03/2017,158505523,3/26/2017,4161,421.89,364.69,1755484.29,1517475.09,238009.2
Sub-Saharan Africa,Lesotho,Meat,Offline,H,10/31/2013,570541322,11/09/2013,4711,421.89,364.69,1987523.79,1718054.59,269469.2
Europe,Romania,Personal Care,Offline,H,12/22/2014,523746860,1/23/2015,7189,81.73,56.67,587556.97,407400.63,180156.34
Europe,Latvia,Beverages,Offline,H,5/13/2012,704108464,5/15/2012,196,47.45,31.79,9300.2,6230.84,3069.36
Europe,Spain,Household,Online,C,03/11/2010,967924964,3/29/2010,9361,668.27,502.54,6255675.47,4704276.94,1551398.53
Central America and the Caribbean,Dominica,Beverages,Online,M,9/16/2013,791807687,10/29/2013,2345,47.45,31.79,111270.25,74547.55,36722.7
Sub-Saharan Africa,Sao Tome and Principe,Clothes,Online,H,4/21/2010,622680461,5/18/2010,3841,109.28,35.84,419744.48,137661.44,282083.04
Europe,Kosovo,Snacks,Online,M,2/24/2011,527779614,3/29/2011,571,152.58,97.44,87123.18,55638.24,31484.94
Sub-Saharan Africa,Cameroon,Cosmetics,Online,L,02/12/2017,644653975,2/26/2017,6292,437.2,263.33,2750862.4,1656872.36,1093990.04
Asia,Taiwan,Office Supplies,Online,M,01/03/2015,731164872,02/08/2015,6789,651.21,524.96,4421064.69,3563953.44,857111.25
Europe,Montenegro,Fruits,Online,M,08/12/2011,615486133,8/13/2011,4879,9.33,6.92,45521.07,33762.68,11758.39
Europe,Croatia,Vegetables,Offline,M,10/14/2014,646104085,11/11/2014,5411,154.06,90.93,833618.66,492022.23,341596.43
Sub-Saharan Africa,Lesotho,Cereal,Offline,L,07/10/2014,341817557,7/30/2014,266,205.7,117.11,54716.2,31151.26,23564.94
Sub-Saharan Africa,Lesotho,Baby Food,Offline,L,01/07/2017,641737878,2/23/2017,3354,255.28,159.42,856209.12,534694.68,321514.44
Central America and the Caribbean,Saint Lucia,Office Supplies,Online,L,08/12/2010,755288875,8/26/2010,5617,651.21,524.96,3657846.57,2948700.32,709146.25
Central America and the Caribbean,Cuba,Personal Care,Offline,C,12/29/2014,412206876,02/11/2015,30,81.73,56.67,2451.9,1700.1,751.8
Middle East and North Africa,Kuwait,Clothes,Offline,C,11/01/2016,312540709,12/13/2016,6596,109.28,35.84,720810.88,236400.64,484410.24
Australia and Oceania,Vanuatu,Beverages,Offline,C,6/17/2011,776651704,7/19/2011,7353,47.45,31.79,348899.85,233751.87,115147.98
Sub-Saharan Africa,Sierra Leone,Vegetables,Offline,M,03/04/2014,395213687,3/27/2014,1367,154.06,90.93,210600.02,124301.31,86298.71
Central America and the Caribbean,Dominican Republic,Snacks,Online,C,1/23/2011,979212987,03/02/2011,9738,152.58,97.44,1485824.04,948870.72,536953.32
Europe,Denmark,Fruits,Online,H,10/13/2015,809948432,11/21/2015,595,9.33,6.92,5551.35,4117.4,1433.95
Middle East and North Africa,Azerbaijan,Meat,Offline,H,10/06/2012,489031350,10/06/2012,4099,421.89,364.69,1729327.11,1494864.31,234462.8
Europe,United Kingdom,Vegetables,Offline,H,01/02/2014,688385570,02/06/2014,7442,154.06,90.93,1146514.52,676701.06,469813.46
Sub-Saharan Africa,Gabon,Fruits,Offline,L,06/04/2017,800247418,6/23/2017,9849,9.33,6.92,91891.17,68155.08,23736.09
Central America and the Caribbean,Grenada,Baby Food,Offline,C,8/24/2010,287165725,09/11/2010,7574,255.28,159.42,1933490.72,1207447.08,726043.64
Sub-Saharan Africa,Burkina Faso,Beverages,Online,L,8/25/2012,932001817,09/03/2012,8904,47.45,31.79,422494.8,283058.16,139436.64
Asia,Bangladesh,Personal Care,Offline,M,12/22/2016,987929522,12/30/2016,9155,81.73,56.67,748238.15,518813.85,229424.3
Europe,San Marino,Cereal,Online,C,8/28/2010,128435170,10/13/2010,5676,205.7,117.11,1167553.2,664716.36,502836.84
Europe,Liechtenstein,Baby Food,Offline,L,11/13/2015,797317588,12/21/2015,2847,255.28,159.42,726782.16,453868.74,272913.42
Australia and Oceania,New Zealand,Vegetables,Online,M,5/30/2010,558688104,6/16/2010,7080,154.06,90.93,1090744.8,643784.4,446960.4
Sub-Saharan Africa,Democratic Republic of the Congo,Fruits,Online,C,10/20/2014,646970546,10/21/2014,1816,9.33,6.92,16943.28,12566.72,4376.56
Middle East and North Africa,Bahrain,Household,Online,C,10/06/2012,116901242,10/30/2012,2530,668.27,502.54,1690723.1,1271426.2,419296.9
Asia,Vietnam,Household,Online,C,08/03/2015,793529021,08/09/2015,1726,668.27,502.54,1153434.02,867384.04,286049.98
Europe,Liechtenstein,Baby Food,Online,M,11/25/2012,522215211,12/26/2012,3941,255.28,159.42,1006058.48,628274.22,377784.26
Asia,Myanmar,Personal Care,Online,L,05/06/2014,818633639,5/27/2014,741,81.73,56.67,60561.93,41992.47,18569.46
Middle East and North Africa,Pakistan,Baby Food,Online,L,6/20/2015,118770635,07/03/2015,5725,255.28,159.42,1461478,912679.5,548798.5
Middle East and North Africa,Saudi Arabia,Cereal,Offline,L,09/01/2016,528925025,10/01/2016,9524,205.7,117.11,1959086.8,1115355.64,843731.16
Europe,Moldova ,Cosmetics,Offline,M,11/06/2011,175708138,11/15/2011,4798,437.2,263.33,2097685.6,1263457.34,834228.26
Europe,Sweden,Snacks,Online,C,11/23/2014,856043803,12/19/2014,1239,152.58,97.44,189046.62,120728.16,68318.46
Asia,Kyrgyzstan,Meat,Online,H,6/24/2010,387168347,7/14/2010,573,421.89,364.69,241742.97,208967.37,32775.6
Asia,Maldives,Meat,Offline,L,10/31/2010,256630599,11/17/2010,1552,421.89,364.69,654773.28,565998.88,88774.4
