Region,Country,Item Type,Sales Channel,Order Priority,Order Date,Order ID,Ship Date,Units Sold,Unit Price,Unit Cost,Total Revenue,Total Cost,Total Profit
Europe,Switzerland,Snacks,Online,M,5/27/2010,582027184,06/05/2010,3633,152.58,97.44,554323.14,353999.52,200323.62
Asia,Thailand,Meat,Online,M,11/15/2010,943429744,12/21/2010,681,421.89,364.69,287307.09,248353.89,38953.2
Central America and the Caribbean,Jamaica,Vegetables,Online,H,2/20/2013,454449307,04/01/2013,504,154.06,90.93,77646.24,45828.72,31817.52
Central America and the Caribbean,Honduras,Household,Offline,C,6/13/2011,715134704,07/11/2011,3106,668.27,502.54,2075646.62,1560889.24,514757.38
Central America and the Caribbean,Guatemala,Meat,Online,C,04/05/2016,245847260,4/28/2016,522,421.89,364.69,220226.58,190368.18,29858.4
Europe,Serbia,Beverages,Online,M,08/06/2012,337260806,09/11/2012,1822,47.45,31.79,86453.9,57921.38,28532.52
Asia,Cambodia,Clothes,Online,C,11/02/2016,100361669,12/10/2016,8103,109.28,35.84,885495.84,290411.52,595084.32
Europe,Italy,Cosmetics,Offline,H,05/06/2012,516448676,6/16/2012,7495,437.2,263.33,3276814,1973658.35,1303155.65
Central America and the Caribbean,Saint Vincent and the Grenadines,Household,Online,M,11/02/2013,387133157,11/22/2013,159,668.27,502.54,106254.93,79903.86,26351.07
Middle East and North Africa,United Arab Emirates,Fruits,Online,L,08/07/2010,384338939,9/15/2010,3288,9.33,6.92,30677.04,22752.96,7924.08
Central America and the Caribbean,Barbados,Vegetables,Offline,H,09/09/2015,800302350,10/01/2015,6105,154.06,90.93,940536.3,555127.65,385408.65
Europe,Armenia,Clothes,Online,L,9/25/2016,197572219,11/01/2016,4865,109.28,35.84,531647.2,174361.6,357285.6
Asia,North Korea,Clothes,Offline,H,7/27/2017,359009873,08/04/2017,7854,109.28,35.84,858285.12,281487.36,576797.76
Sub-Saharan Africa,South Sudan,Snacks,Offline,H,9/26/2011,437789142,9/29/2011,391,152.58,97.44,59658.78,38099.04,21559.74
Sub-Saharan Africa,Benin,Office Supplies,Online,H,7/21/2016,107396352,7/23/2016,9822,651.21,524.96,6396184.62,5156157.12,1240027.5
Sub-Saharan Africa,Democratic Republic of the Congo,Household,Offline,L,05/02/2016,911630332,5/24/2016,529,668.27,502.54,353514.83,265843.66,87671.17
Middle East and North Africa,Morocco,Clothes,Offline,C,08/08/2011,414602410,9/21/2011,8921,109.28,35.84,974886.88,319728.64,655158.24
Sub-Saharan Africa,Djibouti,Beverages,Online,H,4/20/2015,750736415,5/27/2015,8443,47.45,31.79,400620.35,268402.97,132217.38
Sub-Saharan Africa,Eritrea,Cereal,Offline,C,2/23/2011,974768674,3/29/2011,4567,205.7,117.11,939431.9,534841.37,404590.53
Asia,Nepal,Cosmetics,Offline,L,06/08/2010,211748015,6/14/2010,9798,437.2,263.33,4283685.6,2580107.34,1703578.26
North America,United States of America,Cereal,Offline,C,5/15/2010,807035768,6/21/2010,8673,205.7,117.11,1784036.1,1015695.03,768341.07
Middle East and North Africa,Qatar,Clothes,Offline,H,01/03/2013,676305758,2/21/2013,2758,109.28,35.84,301394.24,98846.72,202547.52
Middle East and North Africa,Iraq,Personal Care,Offline,M,11/28/2013,955544316,12/25/2013,5652,81.73,56.67,461937.96,320298.84,141639.12
Sub-Saharan Africa,Mauritius ,Meat,Online,H,6/20/2013,151050269,08/05/2013,7986,421.89,364.69,3369213.54,2912414.34,456799.2
Europe,Norway,Beverages,Online,H,2/27/2013,889434945,04/12/2013,2420,47.45,31.79,114829,76931.8,37897.2
Sub-Saharan Africa,Kenya,Office Supplies,Offline,C,9/22/2011,467622172,11/05/2011,8647,651.21,524.96,5631012.87,4539329.12,1091683.75
Europe,Liechtenstein,Fruits,Offline,M,7/20/2016,302848279,8/26/2016,8391,9.33,6.92,78288.03,58065.72,20222.31
Europe,Belarus,Snacks,Offline,H,2/26/2017,982662093,4/17/2017,405,152.58,97.44,61794.9,39463.2,22331.7
Europe,Estonia,Office Supplies,Online,C,09/10/2011,914924943,10/02/2011,5477,651.21,524.96,3566677.17,2875205.92,691471.25
Sub-Saharan Africa,Lesotho,Cosmetics,Online,C,9/27/2010,377810657,10/30/2010,1424,437.2,263.33,622572.8,374981.92,247590.88
Sub-Saharan Africa,Malawi,Cosmetics,Online,M,10/18/2010,169805562,11/10/2010,8094,437.2,263.33,3538696.8,2131393.02,1407303.78
Australia and Oceania,Fiji,Office Supplies,Online,M,3/19/2013,259708487,4/13/2013,2368,651.21,524.96,1542065.28,1243105.28,298960
Central America and the Caribbean,Guatemala,Snacks,Online,L,10/30/2012,236630761,11/29/2012,3156,152.58,97.44,481542.48,307520.64,174021.84
Central America and the Caribbean,Trinidad and Tobago,Vegetables,Online,H,11/30/2016,659996211,12/21/2016,6400,154.06,90.93,985984,581952,404032
Sub-Saharan Africa,Madagascar,Personal Care,Online,H,1/29/2011,809541165,3/14/2011,75,81.73,56.67,6129.75,4250.25,1879.5
Asia,Uzbekistan,Office Supplies,Offline,H,1/29/2016,935314452,2/28/2016,9186,651.21,524.96,5982015.06,4822282.56,1159732.5
Sub-Saharan Africa,Botswana,Vegetables,Offline,C,11/12/2015,907677400,12/08/2015,768,154.06,90.93,118318.08,69834.24,48483.84
Sub-Saharan Africa,Madagascar,Baby Food,Online,H,5/24/2014,667303836,06/12/2014,8889,255.28,159.42,2269183.92,1417084.38,852099.54
Sub-Saharan Africa,Lesotho,Clothes,Online,C,09/07/2016,675180089,09/12/2016,9647,109.28,35.84,1054224.16,345748.48,708475.68
Europe,Croatia,Cereal,Online,L,6/18/2017,562604987,07/09/2017,6173,205.7,117.11,1269786.1,722920.03,546866.07
Australia and Oceania,Kiribati,Fruits,Offline,M,07/05/2012,481189858,7/23/2012,3627,9.33,6.92,33839.91,25098.84,8741.07
Central America and the Caribbean,Haiti,Meat,Offline,M,1/16/2010,652858531,2/17/2010,4202,421.89,364.69,1772781.78,1532427.38,240354.4
Middle East and North Africa,Iraq,Beverages,Offline,M,10/07/2011,919847333,10/23/2011,2122,47.45,31.79,100688.9,67458.38,33230.52
Sub-Saharan Africa,South Africa,Household,Online,M,8/29/2016,294705092,09/06/2016,8641,668.27,502.54,5774521.07,4342448.14,1432072.93
Sub-Saharan Africa,Mauritania,Household,Offline,M,3/15/2017,110293138,3/27/2017,7045,668.27,502.54,4707962.15,3540394.3,1167567.85
Europe,Switzerland,Beverages,Online,M,9/20/2010,869785296,10/10/2010,7653,47.45,31.79,363134.85,243288.87,119845.98
Europe,Ireland,Cosmetics,Offline,C,10/01/2010,896667897,11/04/2010,2812,437.2,263.33,1229406.4,740483.96,488922.44
Middle East and North Africa,Morocco,Vegetables,Online,L,12/17/2012,384739768,02/04/2013,1902,154.06,90.93,293022.12,172948.86,120073.26
Sub-Saharan Africa,Cape Verde,Beverages,Offline,C,02/02/2014,948112237,2/20/2014,6335,47.45,31.79,300595.75,201389.65,99206.1
Sub-Saharan Africa,Togo,Personal Care,Offline,C,9/20/2015,671209132,10/29/2015,4553,81.73,56.67,372116.69,258018.51,114098.18
Sub-Saharan Africa,Madagascar,Beverages,Online,H,12/06/2012,858766782,12/23/2012,7029,47.45,31.79,333526.05,223451.91,110074.14
Sub-Saharan Africa,Ethiopia,Vegetables,Offline,M,3/24/2013,185834014,05/12/2013,1269,154.06,90.93,195502.14,115390.17,80111.97
Australia and Oceania,Vanuatu,Cosmetics,Offline,L,01/11/2010,547772157,2/23/2010,6809,437.2,263.33,2976894.8,1793013.97,1183880.83
Middle East and North Africa,Iraq,Clothes,Online,C,10/03/2016,310255038,11/20/2016,215,109.28,35.84,23495.2,7705.6,15789.6
Sub-Saharan Africa,Niger,Fruits,Offline,M,01/10/2010,159268987,02/02/2010,87,9.33,6.92,811.71,602.04,209.67
Sub-Saharan Africa,South Sudan,Snacks,Offline,C,10/01/2016,851112830,10/18/2016,2055,152.58,97.44,313551.9,200239.2,113312.7
Asia,Tajikistan,Personal Care,Online,C,11/21/2011,962397897,01/05/2012,3779,81.73,56.67,308857.67,214155.93,94701.74
Sub-Saharan Africa,Ghana,Meat,Offline,L,2/14/2013,940048015,2/17/2013,9952,421.89,364.69,4198649.28,3629394.88,569254.4
Sub-Saharan Africa,Togo,Office Supplies,Online,C,6/22/2016,851299512,07/01/2016,7298,651.21,524.96,4752530.58,3831158.08,921372.5
Asia,Brunei,Cosmetics,Online,H,04/01/2015,833701217,4/13/2015,9572,437.2,263.33,4184878.4,2520594.76,1664283.64
Europe,San Marino,Meat,Offline,C,5/21/2011,645114457,6/20/2011,2559,421.89,364.69,1079616.51,933241.71,146374.8
Asia,South Korea,Cosmetics,Offline,C,09/05/2011,113713061,9/20/2011,9077,437.2,263.33,3968464.4,2390246.41,1578217.99
Europe,Liechtenstein,Personal Care,Offline,H,5/30/2016,487983357,07/03/2016,3974,81.73,56.67,324795.02,225206.58,99588.44
Central America and the Caribbean,The Bahamas,Office Supplies,Online,C,7/31/2015,386724174,09/11/2015,9132,651.21,524.96,5946849.72,4793934.72,1152915
Europe,Russia,Cereal,Offline,M,5/18/2015,749046838,5/26/2015,8460,205.7,117.11,1740222,990750.6,749471.4
Europe,Poland,Beverages,Offline,C,9/18/2011,784375178,10/27/2011,2901,47.45,31.79,137652.45,92222.79,45429.66
Sub-Saharan Africa,Equatorial Guinea,Cereal,Offline,L,9/16/2016,222445523,9/20/2016,5428,205.7,117.11,1116539.6,635673.08,480866.52
Australia and Oceania,Australia,Beverages,Offline,M,1/13/2017,663306701,1/26/2017,6048,47.45,31.79,286977.6,192265.92,94711.68
Europe,Sweden,Meat,Online,M,08/02/2015,627320039,09/08/2015,6795,421.89,364.69,2866742.55,2478068.55,388674
Europe,Ireland,Beverages,Online,L,07/10/2012,505159366,8/13/2012,6737,47.45,31.79,319670.65,214169.23,105501.42
Europe,Czech Republic,Baby Food,Online,H,8/26/2016,307811009,9/25/2016,6973,255.28,159.42,1780067.44,1111635.66,668431.78
Europe,Switzerland,Snacks,Offline,L,05/04/2011,116573798,06/07/2011,5632,152.58,97.44,859330.56,548782.08,310548.48
Australia and Oceania,Tuvalu,Cereal,Online,C,4/20/2011,533059060,05/12/2011,2876,205.7,117.11,591593.2,336808.36,254784.84
Middle East and North Africa,Qatar,Meat,Online,H,5/23/2013,429190623,5/30/2013,5898,421.89,364.69,2488307.22,2150941.62,337365.6
Central America and the Caribbean,Barbados,Household,Online,C,7/14/2015,997204816,7/30/2015,3920,668.27,502.54,2619618.4,1969956.8,649661.6
Sub-Saharan Africa,Democratic Republic of the Congo,Office Supplies,Online,L,12/01/2012,799650466,12/13/2012,3198,651.21,524.96,2082569.58,1678822.08,403747.5
Europe,Denmark,Beverages,Online,H,12/14/2016,719388902,01/07/2017,2017,47.45,31.79,95706.65,64120.43,31586.22
Europe,Luxembourg,Snacks,Online,M,08/11/2013,809593951,8/29/2013,5696,152.58,97.44,869095.68,555018.24,314077.44
Sub-Saharan Africa,Seychelles ,Vegetables,Offline,L,8/21/2012,743751943,9/13/2012,1582,154.06,90.93,243722.92,143851.26,99871.66
Australia and Oceania,Samoa ,Clothes,Online,M,6/29/2013,265661704,07/05/2013,4057,109.28,35.84,443348.96,145402.88,297946.08
Australia and Oceania,Kiribati,Vegetables,Online,H,09/10/2016,539434564,10/30/2016,9530,154.06,90.93,1468191.8,866562.9,601628.9
Europe,Denmark,Cereal,Offline,L,6/21/2012,999494349,7/13/2012,1444,205.7,117.11,297030.8,169106.84,127923.96
Central America and the Caribbean,Jamaica,Cereal,Offline,C,11/01/2014,700577390,11/07/2014,5273,205.7,117.11,1084656.1,617521.03,467135.07
Sub-Saharan Africa,Angola,Fruits,Offline,H,05/09/2012,567732512,06/01/2012,3522,9.33,6.92,32860.26,24372.24,8488.02
Middle East and North Africa,Libya,Office Supplies,Offline,L,5/20/2017,246321046,5/26/2017,726,651.21,524.96,472778.46,381120.96,91657.5
Europe,Latvia,Personal Care,Online,M,11/01/2016,352016818,11/30/2016,8454,81.73,56.67,690945.42,479088.18,211857.24
Middle East and North Africa,Turkey,Cosmetics,Offline,H,11/02/2013,220806157,11/28/2013,304,437.2,263.33,132908.8,80052.32,52856.48
Middle East and North Africa,Lebanon,Baby Food,Offline,L,5/13/2016,158987891,06/03/2016,6905,255.28,159.42,1762708.4,1100795.1,661913.3
Central America and the Caribbean,Antigua and Barbuda ,Personal Care,Online,H,9/27/2010,993173348,9/29/2010,919,81.73,56.67,75109.87,52079.73,23030.14
Asia,Brunei,Office Supplies,Offline,M,11/07/2010,920286357,12/22/2010,2039,651.21,524.96,1327817.19,1070393.44,257423.75
Middle East and North Africa,Bahrain,Snacks,Online,L,07/06/2016,457563245,8/13/2016,1987,152.58,97.44,303176.46,193613.28,109563.18
Australia and Oceania,Vanuatu,Vegetables,Online,C,3/29/2017,192552840,04/05/2017,9519,154.06,90.93,1466497.14,865562.67,600934.47
Europe,Ireland,Beverages,Offline,H,03/12/2011,333116471,4/27/2011,5421,47.45,31.79,257226.45,172333.59,84892.86
Central America and the Caribbean,Dominica,Beverages,Offline,C,07/09/2016,257427966,08/07/2016,7511,47.45,31.79,356396.95,238774.69,117622.26
Sub-Saharan Africa,The Gambia,Vegetables,Online,M,7/29/2014,763973653,7/29/2014,5636,154.06,90.93,868282.16,512481.48,355800.68
Europe,Norway,Vegetables,Online,H,04/11/2014,921552360,5/22/2014,6677,154.06,90.93,1028658.62,607139.61,421519.01
Asia,Philippines,Personal Care,Offline,H,6/21/2010,319275414,08/03/2010,9545,81.73,56.67,780112.85,540915.15,239197.7
Europe,United Kingdom,Fruits,Online,L,06/02/2010,416566646,07/11/2010,182,9.33,6.92,1698.06,1259.44,438.62
Europe,Netherlands,Snacks,Offline,M,11/19/2014,493162381,12/12/2014,6563,152.58,97.44,1001382.54,639498.72,361883.82
Australia and Oceania,Samoa ,Fruits,Online,M,4/30/2014,799111449,5/29/2014,3691,9.33,6.92,34437.03,25541.72,8895.31
