Region,Country,Item Type,Sales Channel,Order Priority,Order Date,Order ID,Ship Date,Units Sold,Unit Price,Unit Cost,Total Revenue,Total Cost,Total Profit
Sub-Saharan Africa,Republic of the Congo,Cosmetics,Online,M,2/19/2014,427053010,3/31/2014,3331,437.2,263.33,1456313.2,877152.23,579160.97
Australia and Oceania,Kiribati,Cosmetics,Offline,C,08/01/2012,215683352,8/28/2012,4352,437.2,263.33,1902694.4,1146012.16,756682.24
Asia,South Korea,Fruits,Offline,H,3/31/2011,618188512,5/18/2011,4573,9.33,6.92,42666.09,31645.16,11020.93
Sub-Saharan Africa,Eritrea,Cereal,Online,L,5/30/2012,365867316,07/06/2012,7124,205.7,117.11,1465406.8,834291.64,631115.16
Central America and the Caribbean,The Bahamas,Snacks,Offline,M,11/16/2011,510331094,01/01/2012,7166,152.58,97.44,1093388.28,698255.04,395133.24
Europe,Poland,Clothes,Offline,M,04/10/2010,373503673,4/21/2010,6892,109.28,35.84,753157.76,247009.28,506148.48
Europe,Andorra,Beverages,Offline,M,11/19/2016,697621381,12/25/2016,524,47.45,31.79,24863.8,16657.96,8205.84
Middle East and North Africa,Turkey,Meat,Online,M,7/19/2015,495233047,7/26/2015,9318,421.89,364.69,3931171.02,3398181.42,532989.6
Europe,Ukraine,Meat,Online,H,11/16/2013,199199998,12/17/2013,6561,421.89,364.69,2768020.29,2392731.09,375289.2
Central America and the Caribbean,Barbados,Snacks,Online,L,10/11/2016,312696063,11/26/2016,2569,152.58,97.44,391978.02,250323.36,141654.66
Sub-Saharan Africa,Mauritania,Cosmetics,Offline,L,1/26/2015,959207570,02/01/2015,9691,437.2,263.33,4236905.2,2551931.03,1684974.17
Asia,South Korea,Personal Care,Online,M,12/30/2011,532533347,01/05/2012,7306,81.73,56.67,597119.38,414031.02,183088.36
Australia and Oceania,Solomon Islands,Meat,Offline,L,11/10/2011,646784722,11/11/2011,6827,421.89,364.69,2880243.03,2489738.63,390504.4
Central America and the Caribbean,Trinidad and Tobago,Personal Care,Online,C,3/31/2016,286385524,05/06/2016,6695,81.73,56.67,547182.35,379405.65,167776.7
Asia,Kyrgyzstan,Office Supplies,Offline,L,09/01/2012,756072080,9/18/2012,7385,651.21,524.96,4809185.85,3876829.6,932356.25
North America,United States of America,Office Supplies,Online,M,03/12/2016,730893218,4/22/2016,6400,651.21,524.96,4167744,3359744,808000
Europe,Greece,Beverages,Online,M,09/05/2012,306210267,9/21/2012,3278,47.45,31.79,155541.1,104207.62,51333.48
Middle East and North Africa,Afghanistan,Vegetables,Online,M,7/16/2015,547697055,8/26/2015,4584,154.06,90.93,706211.04,416823.12,289387.92
Europe,Moldova ,Clothes,Online,C,7/15/2016,341339910,08/09/2016,8919,109.28,35.84,974668.32,319656.96,655011.36
Asia,Uzbekistan,Vegetables,Online,L,4/17/2012,443437659,05/05/2012,1912,154.06,90.93,294562.72,173858.16,120704.56
Asia,Laos,Cosmetics,Online,C,8/20/2015,330601632,9/22/2015,1224,437.2,263.33,535132.8,322315.92,212816.88
Europe,Monaco,Fruits,Offline,H,12/11/2013,449755656,12/29/2013,1548,9.33,6.92,14442.84,10712.16,3730.68
Europe,Czech Republic,Office Supplies,Online,C,10/29/2010,868136060,12/07/2010,9607,651.21,524.96,6256174.47,5043290.72,1212883.75
Middle East and North Africa,Qatar,Meat,Offline,C,9/22/2014,823291671,11/09/2014,9156,421.89,364.69,3862824.84,3339101.64,523723.2
Europe,Switzerland,Vegetables,Online,L,06/08/2012,973083817,6/16/2012,5981,154.06,90.93,921432.86,543852.33,377580.53
Australia and Oceania,Fiji,Meat,Offline,C,10/03/2010,245686328,10/29/2010,2899,421.89,364.69,1223059.11,1057236.31,165822.8
Middle East and North Africa,Azerbaijan,Personal Care,Offline,M,7/16/2017,789585530,08/01/2017,4760,81.73,56.67,389034.8,269749.2,119285.6
Middle East and North Africa,Qatar,Cosmetics,Online,M,3/16/2015,323580253,4/21/2015,3442,437.2,263.33,1504842.4,906381.86,598460.54
Asia,Mongolia,Personal Care,Offline,M,07/10/2017,686781823,07/11/2017,2858,81.73,56.67,233584.34,161962.86,71621.48
Asia,Kazakhstan,Vegetables,Online,L,10/31/2012,188614070,11/21/2012,3950,154.06,90.93,608537,359173.5,249363.5
Europe,Denmark,Personal Care,Online,M,04/01/2013,358813321,4/15/2013,9690,81.73,56.67,791963.7,549132.3,242831.4
North America,United States of America,Meat,Offline,H,01/08/2013,997428405,2/18/2013,85,421.89,364.69,35860.65,30998.65,4862
Middle East and North Africa,Lebanon,Vegetables,Offline,H,1/15/2015,624820649,02/03/2015,7170,154.06,90.93,1104610.2,651968.1,452642.1
Middle East and North Africa,Iran,Baby Food,Offline,C,11/24/2011,531663882,12/06/2011,12,255.28,159.42,3063.36,1913.04,1150.32
Middle East and North Africa,Syria,Meat,Offline,C,5/24/2012,728944432,07/05/2012,9711,421.89,364.69,4096973.79,3541504.59,555469.2
Central America and the Caribbean,Dominican Republic,Snacks,Offline,C,1/17/2015,397961127,02/06/2015,4396,152.58,97.44,670741.68,428346.24,242395.44
Middle East and North Africa,Yemen,Personal Care,Online,C,11/06/2011,140325295,11/27/2011,4228,81.73,56.67,345554.44,239600.76,105953.68
Sub-Saharan Africa,Djibouti,Household,Online,M,10/22/2014,627960765,10/29/2014,6400,668.27,502.54,4276928,3216256,1060672
Europe,Croatia,Household,Online,H,04/06/2014,353103864,04/12/2014,135,668.27,502.54,90216.45,67842.9,22373.55
Sub-Saharan Africa,Ghana,Fruits,Offline,H,12/26/2012,578303420,1/27/2013,1688,9.33,6.92,15749.04,11680.96,4068.08
Sub-Saharan Africa,Cape Verde,Household,Offline,H,10/24/2014,386420762,11/05/2014,9345,668.27,502.54,6244983.15,4696236.3,1548746.85
Asia,Tajikistan,Household,Online,C,04/12/2013,730629718,4/26/2013,8425,668.27,502.54,5630174.75,4233899.5,1396275.25
Australia and Oceania,Federated States of Micronesia,Fruits,Online,C,7/27/2010,384416615,08/11/2010,6274,9.33,6.92,58536.42,43416.08,15120.34
Europe,Russia,Baby Food,Online,L,9/16/2013,891580283,10/21/2013,7274,255.28,159.42,1856906.72,1159621.08,697285.64
Sub-Saharan Africa,South Sudan,Snacks,Offline,M,8/25/2015,716232049,8/28/2015,7834,152.58,97.44,1195311.72,763344.96,431966.76
Sub-Saharan Africa,Ethiopia,Cereal,Offline,C,03/08/2014,192795741,4/17/2014,1399,205.7,117.11,287774.3,163836.89,123937.41
North America,Mexico,Meat,Online,L,10/03/2015,176007688,10/30/2015,3441,421.89,364.69,1451723.49,1254898.29,196825.2
Asia,Tajikistan,Vegetables,Online,M,07/03/2016,690916717,08/08/2016,6465,154.06,90.93,995997.9,587862.45,408135.45
Middle East and North Africa,Saudi Arabia,Fruits,Online,L,8/23/2013,482884156,10/12/2013,5007,9.33,6.92,46715.31,34648.44,12066.87
Asia,Cambodia,Cosmetics,Online,M,10/20/2016,167583835,12/02/2016,636,437.2,263.33,278059.2,167477.88,110581.32
Europe,Sweden,Household,Online,C,12/16/2013,881002080,02/03/2014,6948,668.27,502.54,4643139.96,3491647.92,1151492.04
Asia,Taiwan,Meat,Online,M,02/02/2013,229437720,3/17/2013,4575,421.89,364.69,1930146.75,1668456.75,261690
Middle East and North Africa,Azerbaijan,Cereal,Online,M,09/01/2015,839502084,09/12/2015,6177,205.7,117.11,1270608.9,723388.47,547220.43
Europe,Finland,Cosmetics,Online,C,11/09/2012,908118999,12/09/2012,1447,437.2,263.33,632628.4,381038.51,251589.89
Middle East and North Africa,Tunisia ,Snacks,Offline,C,1/18/2012,952524793,2/25/2012,2108,152.58,97.44,321638.64,205403.52,116235.12
Sub-Saharan Africa,Sierra Leone,Personal Care,Online,H,05/01/2010,660268294,5/13/2010,6916,81.73,56.67,565244.68,391929.72,173314.96
Asia,Malaysia,Household,Online,M,06/06/2013,239210832,7/20/2013,6656,668.27,502.54,4448005.12,3344906.24,1103098.88
Asia,Tajikistan,Fruits,Offline,H,10/12/2016,867526233,10/22/2016,9145,9.33,6.92,85322.85,63283.4,22039.45
Middle East and North Africa,Iran,Vegetables,Online,L,11/18/2016,643700826,11/21/2016,4234,154.06,90.93,652290.04,384997.62,267292.42
Sub-Saharan Africa,Kenya,Baby Food,Online,C,1/31/2015,436533439,02/04/2015,8800,255.28,159.42,2246464,1402896,843568
Europe,Greece,Cosmetics,Online,L,10/19/2013,735135400,10/25/2013,1756,437.2,263.33,767723.2,462407.48,305315.72
Sub-Saharan Africa,Ghana,Household,Offline,L,9/20/2012,298930537,10/31/2012,9044,668.27,502.54,6043833.88,4544971.76,1498862.12
Sub-Saharan Africa,Cape Verde,Vegetables,Offline,M,08/10/2012,207655179,8/13/2012,8637,154.06,90.93,1330616.22,785362.41,545253.81
Middle East and North Africa,Turkey,Snacks,Online,M,07/01/2011,711358153,7/27/2011,5540,152.58,97.44,845293.2,539817.6,305475.6
Europe,Poland,Clothes,Online,H,1/24/2016,780400788,1/31/2016,6790,109.28,35.84,742011.2,243353.6,498657.6
Sub-Saharan Africa,Burkina Faso,Household,Online,L,02/10/2015,355456912,03/12/2015,6454,668.27,502.54,4313014.58,3243393.16,1069621.42
Middle East and North Africa,Libya,Cereal,Online,C,8/29/2013,797512853,10/12/2013,630,205.7,117.11,129591,73779.3,55811.7
Sub-Saharan Africa,Chad,Vegetables,Offline,H,01/03/2014,837867438,02/07/2014,2449,154.06,90.93,377292.94,222687.57,154605.37
Sub-Saharan Africa,Eritrea,Household,Online,H,12/10/2011,628131997,12/12/2011,7071,668.27,502.54,4725337.17,3553460.34,1171876.83
Middle East and North Africa,Yemen,Meat,Offline,H,09/02/2015,390230357,10/08/2015,6689,421.89,364.69,2822022.21,2439411.41,382610.8
Asia,Tajikistan,Clothes,Online,H,10/04/2011,866398847,11/07/2011,5527,109.28,35.84,603990.56,198087.68,405902.88
North America,Greenland,Clothes,Offline,L,05/01/2014,169186294,06/09/2014,4839,109.28,35.84,528805.92,173429.76,355376.16
Central America and the Caribbean,Saint Kitts and Nevis ,Cosmetics,Online,M,11/12/2015,531454026,11/13/2015,7911,437.2,263.33,3458689.2,2083203.63,1375485.57
Australia and Oceania,Marshall Islands,Fruits,Offline,H,09/07/2013,656375873,9/21/2013,5062,9.33,6.92,47228.46,35029.04,12199.42
Sub-Saharan Africa,Rwanda,Household,Online,L,10/04/2013,667438161,11/05/2013,8639,668.27,502.54,5773184.53,4341443.06,1431741.47
Middle East and North Africa,Algeria,Fruits,Online,L,10/03/2011,758439719,11/18/2011,8022,9.33,6.92,74845.26,55512.24,19333.02
North America,Mexico,Meat,Online,H,12/25/2011,743491876,01/06/2012,4623,421.89,364.69,1950397.47,1685961.87,264435.6
Asia,Philippines,Fruits,Online,L,01/09/2016,507018458,02/04/2016,6884,9.33,6.92,64227.72,47637.28,16590.44
Sub-Saharan Africa,Lesotho,Beverages,Online,C,5/21/2011,453755795,07/04/2011,5278,47.45,31.79,250441.1,167787.62,82653.48
Australia and Oceania,New Zealand,Baby Food,Offline,H,2/22/2013,158752715,03/06/2013,7311,255.28,159.42,1866352.08,1165519.62,700832.46
Sub-Saharan Africa,South Africa,Snacks,Offline,M,9/22/2014,617370545,11/02/2014,2519,152.58,97.44,384349.02,245451.36,138897.66
Middle East and North Africa,Algeria,Clothes,Online,C,5/25/2014,195283114,6/20/2014,7468,109.28,35.84,816103.04,267653.12,548449.92
Europe,France,Snacks,Offline,C,07/02/2011,478476750,7/31/2011,758,152.58,97.44,115655.64,73859.52,41796.12
Europe,Greece,Office Supplies,Online,H,3/22/2010,423250281,05/10/2010,8019,651.21,524.96,5222052.99,4209654.24,1012398.75
Asia,Cambodia,Vegetables,Offline,H,10/26/2015,406215035,12/12/2015,6911,154.06,90.93,1064708.66,628417.23,436291.43
Europe,Switzerland,Snacks,Offline,L,09/03/2015,874294841,9/27/2015,2127,152.58,97.44,324537.66,207254.88,117282.78
Australia and Oceania,Kiribati,Personal Care,Offline,H,5/22/2013,994726026,07/06/2013,391,81.73,56.67,31956.43,22157.97,9798.46
Sub-Saharan Africa,Guinea-Bissau,Meat,Online,C,5/31/2017,905057418,06/10/2017,5457,421.89,364.69,2302253.73,1990113.33,312140.4
Europe,Latvia,Vegetables,Online,M,7/17/2014,363150346,8/23/2014,3112,154.06,90.93,479434.72,282974.16,196460.56
Central America and the Caribbean,Costa Rica,Clothes,Offline,H,7/26/2011,997178637,8/22/2011,6173,109.28,35.84,674585.44,221240.32,453345.12
Australia and Oceania,New Zealand,Vegetables,Online,M,05/06/2016,455628621,6/24/2016,9489,154.06,90.93,1461875.34,862834.77,599040.57
Central America and the Caribbean,Dominican Republic,Personal Care,Offline,M,4/19/2011,957299125,4/25/2011,4939,81.73,56.67,403664.47,279893.13,123771.34
Europe,Luxembourg,Beverages,Offline,H,03/12/2010,741301476,3/31/2010,6435,47.45,31.79,305340.75,204568.65,100772.1
Sub-Saharan Africa,Gabon,Snacks,Offline,M,07/06/2016,817059504,8/18/2016,4919,152.58,97.44,750541.02,479307.36,271233.66
Sub-Saharan Africa,Mauritius ,Vegetables,Offline,C,02/01/2012,914309537,3/21/2012,3365,154.06,90.93,518411.9,305979.45,212432.45
Middle East and North Africa,Qatar,Beverages,Offline,M,11/17/2013,833100402,01/01/2014,1777,47.45,31.79,84318.65,56490.83,27827.82
Europe,San Marino,Meat,Online,M,3/16/2017,893793427,3/17/2017,2192,421.89,364.69,924782.88,799400.48,125382.4
Europe,Norway,Cosmetics,Online,H,8/29/2014,587062442,9/28/2014,3677,437.2,263.33,1607584.4,968264.41,639319.99
Australia and Oceania,Fiji,Beverages,Offline,H,1/17/2015,823893773,1/19/2015,7331,47.45,31.79,347855.95,233052.49,114803.46
Asia,Myanmar,Household,Online,M,11/16/2016,785586249,12/18/2016,1284,668.27,502.54,858058.68,645261.36,212797.32
