Region,Country,Item Type,Sales Channel,Order Priority,Order Date,Order ID,Ship Date,Units Sold,Unit Price,Unit Cost,Total Revenue,Total Cost,Total Profit
Sub-Saharan Africa,Seychelles ,Cereal,Offline,C,4/24/2010,913103616,4/28/2010,6506,205.7,117.11,1338284.2,761917.66,576366.54
Europe,Belgium,Cosmetics,Offline,L,1/14/2014,226520335,2/20/2014,1256,437.2,263.33,549123.2,330742.48,218380.72
Asia,Sri Lanka,Snacks,Offline,M,2/27/2016,802444684,04/11/2016,69,152.58,97.44,10528.02,6723.36,3804.66
Asia,Indonesia,Clothes,Offline,L,11/12/2011,303425490,12/23/2011,9200,109.28,35.84,1005376,329728,675648
Sub-Saharan Africa,Cameroon,Office Supplies,Online,C,7/25/2012,512324082,7/29/2012,6936,651.21,524.96,4516792.56,3641122.56,875670
Asia,Nepal,Vegetables,Online,M,10/21/2011,582314288,10/22/2011,8593,154.06,90.93,1323837.58,781361.49,542476.09
Middle East and North Africa,Afghanistan,Household,Online,M,10/03/2011,186882436,10/14/2011,1521,668.27,502.54,1016438.67,764363.34,252075.33
Middle East and North Africa,Afghanistan,Clothes,Offline,H,11/17/2011,869827353,11/17/2011,98,109.28,35.84,10709.44,3512.32,7197.12
Europe,Armenia,Snacks,Online,H,09/09/2012,195260369,09/11/2012,737,152.58,97.44,112451.46,71813.28,40638.18
Asia,Thailand,Beverages,Offline,M,12/30/2011,297605311,02/03/2012,6880,47.45,31.79,326456,218715.2,107740.8
Middle East and North Africa,Afghanistan,Cereal,Online,C,3/25/2016,231598508,4/24/2016,4000,205.7,117.11,822800,468440,354360
Middle East and North Africa,Lebanon,Vegetables,Offline,C,12/18/2013,922288787,12/27/2013,4602,154.06,90.93,708984.12,418459.86,290524.26
Asia,Japan,Office Supplies,Offline,L,7/20/2017,215037477,7/27/2017,3223,651.21,524.96,2098849.83,1691946.08,406903.75
Sub-Saharan Africa,Malawi,Fruits,Offline,C,11/27/2013,525518405,01/12/2014,1429,9.33,6.92,13332.57,9888.68,3443.89
Europe,Ukraine,Office Supplies,Offline,M,9/22/2013,289717900,10/01/2013,2820,651.21,524.96,1836412.2,1480387.2,356025
Central America and the Caribbean,Guatemala,Household,Online,H,5/30/2017,713934791,6/23/2017,8025,668.27,502.54,5362866.75,4032883.5,1329983.25
Europe,Iceland,Meat,Online,M,4/16/2011,824780404,05/12/2011,9705,421.89,364.69,4094442.45,3539316.45,555126
North America,Canada,Office Supplies,Online,L,10/27/2016,619178569,12/07/2016,7553,651.21,524.96,4918589.13,3965022.88,953566.25
Sub-Saharan Africa,Benin,Snacks,Offline,M,02/07/2011,614365613,2/14/2011,3292,152.58,97.44,502293.36,320772.48,181520.88
Sub-Saharan Africa,Ghana,Cereal,Offline,L,12/10/2013,497890365,12/12/2013,5678,205.7,117.11,1167964.6,664950.58,503014.02
Sub-Saharan Africa,Cape Verde,Fruits,Online,M,12/01/2015,477614152,12/17/2015,5496,9.33,6.92,51277.68,38032.32,13245.36
Sub-Saharan Africa,Democratic Republic of the Congo,Clothes,Offline,L,6/18/2012,831710803,7/17/2012,564,109.28,35.84,61633.92,20213.76,41420.16
Asia,Bangladesh,Meat,Online,H,3/25/2015,558666646,4/25/2015,730,421.89,364.69,307979.7,266223.7,41756
Asia,Maldives,Household,Offline,L,5/31/2010,527280509,06/02/2010,2875,668.27,502.54,1921276.25,1444802.5,476473.75
Europe,Kosovo,Baby Food,Online,L,7/30/2015,326663720,09/05/2015,5909,255.28,159.42,1508449.52,942012.78,566436.74
Sub-Saharan Africa,Guinea,Office Supplies,Online,M,04/08/2015,516240108,4/25/2015,5775,651.21,524.96,3760737.75,3031644,729093.75
Australia and Oceania,Australia,Clothes,Online,C,3/30/2010,375745999,05/07/2010,446,109.28,35.84,48738.88,15984.64,32754.24
Australia and Oceania,Palau,Household,Offline,C,09/09/2013,155230224,10/11/2013,4928,668.27,502.54,3293234.56,2476517.12,816717.44
Sub-Saharan Africa,Swaziland,Clothes,Offline,H,2/16/2017,625054109,04/03/2017,6256,109.28,35.84,683655.68,224215.04,459440.64
Asia,Myanmar,Household,Offline,M,12/12/2016,825891482,12/26/2016,8498,668.27,502.54,5678958.46,4270584.92,1408373.54
Sub-Saharan Africa,Rwanda,Clothes,Offline,M,08/02/2010,318728673,09/08/2010,7752,109.28,35.84,847138.56,277831.68,569306.88
Sub-Saharan Africa,Mauritius ,Office Supplies,Offline,C,6/28/2015,534864509,8/15/2015,7149,651.21,524.96,4655500.29,3752939.04,902561.25
Central America and the Caribbean,Dominica,Baby Food,Online,H,4/18/2012,725910317,06/06/2012,1849,255.28,159.42,472012.72,294767.58,177245.14
Asia,Mongolia,Household,Offline,C,10/17/2016,213789927,11/13/2016,4045,668.27,502.54,2703152.15,2032774.3,670377.85
Middle East and North Africa,Bahrain,Household,Online,C,7/19/2015,640739667,8/22/2015,7961,668.27,502.54,5320097.47,4000720.94,1319376.53
Asia,South Korea,Baby Food,Online,M,02/06/2015,119308364,2/15/2015,4851,255.28,159.42,1238363.28,773346.42,465016.86
Sub-Saharan Africa,Sudan,Household,Online,M,07/06/2015,882357347,07/11/2015,8002,668.27,502.54,5347496.54,4021325.08,1326171.46
Middle East and North Africa,Bahrain,Household,Online,C,02/06/2014,733060443,2/20/2014,7730,668.27,502.54,5165727.1,3884634.2,1281092.9
Europe,Belarus,Clothes,Offline,H,11/02/2016,694903981,12/12/2016,6385,109.28,35.84,697752.8,228838.4,468914.4
Asia,Maldives,Clothes,Online,M,10/26/2011,961686789,11/19/2011,3347,109.28,35.84,365760.16,119956.48,245803.68
Middle East and North Africa,Kuwait,Fruits,Online,M,12/01/2010,447520196,12/25/2010,26,9.33,6.92,242.58,179.92,62.66
Sub-Saharan Africa,Djibouti,Beverages,Online,L,9/24/2015,836828029,10/27/2015,4865,47.45,31.79,230844.25,154658.35,76185.9
Central America and the Caribbean,Saint Kitts and Nevis ,Fruits,Offline,M,10/03/2013,734346616,10/12/2013,8337,9.33,6.92,77784.21,57692.04,20092.17
Europe,Belarus,Clothes,Online,C,6/30/2012,615124785,8/18/2012,7948,109.28,35.84,868557.44,284856.32,583701.12
Australia and Oceania,East Timor,Clothes,Offline,L,12/14/2012,574523866,12/24/2012,3234,109.28,35.84,353411.52,115906.56,237504.96
Middle East and North Africa,Jordan,Personal Care,Online,L,5/24/2013,778217685,07/05/2013,761,81.73,56.67,62196.53,43125.87,19070.66
Central America and the Caribbean,Guatemala,Vegetables,Offline,L,2/26/2013,112192571,2/28/2013,9130,154.06,90.93,1406567.8,830190.9,576376.9
Asia,Singapore,Vegetables,Offline,C,06/07/2016,232747352,7/20/2016,3968,154.06,90.93,611310.08,360810.24,250499.84
Europe,Serbia,Meat,Online,H,05/02/2013,616493356,5/26/2013,2939,421.89,364.69,1239934.71,1071823.91,168110.8
Australia and Oceania,Nauru,Beverages,Online,L,12/16/2013,810354411,02/01/2014,733,47.45,31.79,34780.85,23302.07,11478.78
Central America and the Caribbean,Grenada,Vegetables,Online,C,05/03/2014,881566846,5/29/2014,4075,154.06,90.93,627794.5,370539.75,257254.75
Sub-Saharan Africa,Zimbabwe,Household,Online,L,05/06/2015,967679488,5/18/2015,6719,668.27,502.54,4490106.13,3376566.26,1113539.87
Europe,Albania,Household,Offline,L,05/08/2011,826553666,5/30/2011,4453,668.27,502.54,2975806.31,2237810.62,737995.69
Europe,Malta,Cereal,Offline,H,9/18/2016,286363208,9/26/2016,92,205.7,117.11,18924.4,10774.12,8150.28
Asia,Indonesia,Vegetables,Online,H,08/01/2016,595594441,09/08/2016,8485,154.06,90.93,1307199.1,771541.05,535658.05
Asia,Vietnam,Baby Food,Online,H,02/03/2016,373046195,2/19/2016,1514,255.28,159.42,386493.92,241361.88,145132.04
Sub-Saharan Africa,Cape Verde,Meat,Offline,M,11/11/2013,557829797,11/23/2013,3088,421.89,364.69,1302796.32,1126162.72,176633.6
Asia,Bhutan,Vegetables,Online,H,5/19/2013,359369075,6/20/2013,4150,154.06,90.93,639349,377359.5,261989.5
Europe,Belgium,Personal Care,Offline,L,8/13/2011,407400357,9/28/2011,7674,81.73,56.67,627196.02,434885.58,192310.44
Middle East and North Africa,Israel,Personal Care,Offline,M,5/22/2010,501972472,06/03/2010,3664,81.73,56.67,299458.72,207638.88,91819.84
Middle East and North Africa,Azerbaijan,Fruits,Online,L,08/04/2012,963446748,08/06/2012,4157,9.33,6.92,38784.81,28766.44,10018.37
Asia,Sri Lanka,Beverages,Offline,H,10/25/2010,382497012,11/20/2010,8221,47.45,31.79,390086.45,261345.59,128740.86
Sub-Saharan Africa,Mauritius ,Vegetables,Online,C,11/12/2013,570109593,11/19/2013,6953,154.06,90.93,1071179.18,632236.29,438942.89
Europe,Norway,Meat,Online,H,09/04/2012,707583320,09/11/2012,8483,421.89,364.69,3578892.87,3093665.27,485227.6
Asia,Malaysia,Cereal,Offline,L,5/26/2014,496529519,5/26/2014,2974,205.7,117.11,611751.8,348285.14,263466.66
Asia,Uzbekistan,Baby Food,Online,L,11/20/2015,608872020,01/09/2016,7616,255.28,159.42,1944212.48,1214142.72,730069.76
Australia and Oceania,Tonga,Clothes,Offline,L,1/20/2015,436847150,2/21/2015,1634,109.28,35.84,178563.52,58562.56,120000.96
Europe,France,Cereal,Offline,C,09/02/2014,343003737,09/12/2014,1283,205.7,117.11,263913.1,150252.13,113660.97
Sub-Saharan Africa,Rwanda,Fruits,Offline,M,01/01/2011,310203111,1/15/2011,4849,9.33,6.92,45241.17,33555.08,11686.09
Europe,Spain,Beverages,Online,H,9/24/2012,391619098,10/03/2012,7649,47.45,31.79,362945.05,243161.71,119783.34
Middle East and North Africa,Morocco,Cosmetics,Offline,M,6/20/2014,260738027,7/15/2014,7031,437.2,263.33,3073953.2,1851473.23,1222479.97
Europe,Andorra,Meat,Offline,M,8/30/2015,561358726,9/28/2015,7376,421.89,364.69,3111860.64,2689953.44,421907.2
Sub-Saharan Africa,South Sudan,Beverages,Offline,L,11/01/2016,657592523,11/02/2016,5095,47.45,31.79,241757.75,161970.05,79787.7
Central America and the Caribbean,El Salvador,Household,Online,M,10/17/2015,883863246,10/30/2015,3631,668.27,502.54,2426488.37,1824722.74,601765.63
Sub-Saharan Africa,Uganda,Household,Offline,H,5/26/2011,294907224,07/11/2011,8456,668.27,502.54,5650891.12,4249478.24,1401412.88
Central America and the Caribbean,Saint Lucia,Baby Food,Offline,L,12/08/2014,715773284,12/28/2014,2076,255.28,159.42,529961.28,330955.92,199005.36
Central America and the Caribbean,Cuba,Vegetables,Offline,C,1/18/2016,891822755,02/08/2016,9026,154.06,90.93,1390545.56,820734.18,569811.38
Sub-Saharan Africa,Rwanda,Household,Online,M,10/14/2016,538729465,11/02/2016,875,668.27,502.54,584736.25,439722.5,145013.75
Europe,Romania,Personal Care,Online,M,9/16/2012,792479741,9/18/2012,1221,81.73,56.67,99792.33,69194.07,30598.26
Sub-Saharan Africa,Sierra Leone,Snacks,Online,L,10/16/2011,159372413,11/28/2011,693,152.58,97.44,105737.94,67525.92,38212.02
Europe,Germany,Clothes,Online,L,6/30/2015,366018807,7/29/2015,1954,109.28,35.84,213533.12,70031.36,143501.76
Central America and the Caribbean,Saint Kitts and Nevis ,Cereal,Online,M,01/01/2015,509342753,02/06/2015,4694,205.7,117.11,965555.8,549714.34,415841.46
Europe,Bosnia and Herzegovina,Cereal,Offline,C,02/12/2010,206580579,2/13/2010,639,205.7,117.11,131442.3,74833.29,56609.01
Europe,Estonia,Cosmetics,Online,L,1/29/2013,945281112,02/02/2013,8542,437.2,263.33,3734562.4,2249364.86,1485197.54
Central America and the Caribbean,Haiti,Office Supplies,Offline,H,6/22/2014,233305680,7/26/2014,9190,651.21,524.96,5984619.9,4824382.4,1160237.5
Europe,Kosovo,Cosmetics,Offline,H,4/19/2017,148828113,05/08/2017,401,437.2,263.33,175317.2,105595.33,69721.87
Sub-Saharan Africa,Namibia,Vegetables,Offline,L,6/26/2010,590334737,6/27/2010,2022,154.06,90.93,311509.32,183860.46,127648.86
Europe,Russia,Cosmetics,Online,L,07/12/2010,626624381,7/24/2010,934,437.2,263.33,408344.8,245950.22,162394.58
Sub-Saharan Africa,The Gambia,Office Supplies,Online,M,04/07/2012,746808373,5/21/2012,6048,651.21,524.96,3938518.08,3174958.08,763560
Europe,Switzerland,Baby Food,Offline,H,5/26/2015,610310542,6/23/2015,3307,255.28,159.42,844210.96,527201.94,317009.02
Europe,Netherlands,Household,Offline,L,02/07/2013,396867215,2/17/2013,683,668.27,502.54,456428.41,343234.82,113193.59
Sub-Saharan Africa,Botswana,Cosmetics,Online,L,12/29/2010,356527221,1/22/2011,3182,437.2,263.33,1391170.4,837916.06,553254.34
Middle East and North Africa,Kuwait,Cereal,Online,L,9/29/2015,359651887,10/15/2015,7840,205.7,117.11,1612688,918142.4,694545.6
Europe,Latvia,Beverages,Online,C,2/29/2016,346915042,3/21/2016,8725,47.45,31.79,414001.25,277367.75,136633.5
Central America and the Caribbean,Antigua and Barbuda ,Cosmetics,Online,C,04/06/2017,779303014,05/12/2017,1934,437.2,263.33,845544.8,509280.22,336264.58
Europe,France,Vegetables,Online,M,10/08/2013,388114631,11/26/2013,599,154.06,90.93,92281.94,54467.07,37814.87
Europe,Denmark,Personal Care,Online,L,8/14/2016,224961221,8/23/2016,9879,81.73,56.67,807410.67,559842.93,247567.74
Europe,Poland,Cosmetics,Online,M,4/22/2011,511766612,4/26/2011,1968,437.2,263.33,860409.6,518233.44,342176.16
Central America and the Caribbean,Belize,Cosmetics,Offline,L,09/05/2014,190767133,10/11/2014,1089,437.2,263.33,476110.8,286766.37,189344.43
Sub-Saharan Africa,Togo,Beverages,Offline,M,7/28/2010,974511611,09/10/2010,8496,47.45,31.79,403135.2,270087.84,133047.36
