Region,Country,Item Type,Sales Channel,Order Priority,Order Date,Order ID,Ship Date,Units Sold,Unit Price,Unit Cost,Total Revenue,Total Cost,Total Profit
Central America and the Caribbean,Costa Rica,Cereal,Online,L,03/09/2014,595861375,04/08/2014,7477,205.7,117.11,1538018.9,875631.47,662387.43
Asia,Philippines,Snacks,Offline,M,04/08/2015,457990252,5/15/2015,8348,152.58,97.44,1273737.84,813429.12,460308.72
Sub-Saharan Africa,Tanzania,Beverages,Online,C,3/19/2012,684384572,04/06/2012,3458,47.45,31.79,164082.1,109929.82,54152.28
Sub-Saharan Africa,Equatorial Guinea,Cereal,Online,H,11/02/2015,568843162,11/18/2015,2187,205.7,117.11,449865.9,256119.57,193746.33
Europe,Czech Republic,Beverages,Offline,M,4/20/2015,825477349,5/27/2015,5946,47.45,31.79,282137.7,189023.34,93114.36
Sub-Saharan Africa,Equatorial Guinea,Fruits,Online,H,03/11/2012,438710963,04/06/2012,3178,9.33,6.92,29650.74,21991.76,7658.98
Australia and Oceania,East Timor,Office Supplies,Online,M,9/24/2016,713280332,11/03/2016,4356,651.21,524.96,2836670.76,2286725.76,549945
Middle East and North Africa,Yemen,Cereal,Online,H,9/15/2013,324234282,10/09/2013,6984,205.7,117.11,1436608.8,817896.24,618712.56
Australia and Oceania,Vanuatu,Vegetables,Offline,M,09/08/2011,266934144,10/16/2011,600,154.06,90.93,92436,54558,37878
Sub-Saharan Africa,Ghana,Household,Online,H,07/06/2016,707053744,08/05/2016,1770,668.27,502.54,1182837.9,889495.8,293342.1
Asia,Myanmar,Cosmetics,Offline,M,5/18/2012,530579411,5/27/2012,9093,437.2,263.33,3975459.6,2394459.69,1580999.91
Sub-Saharan Africa,Tanzania,Cereal,Offline,M,1/18/2011,493809974,2/13/2011,8200,205.7,117.11,1686740,960302,726438
Australia and Oceania,Vanuatu,Vegetables,Online,H,3/15/2010,973356759,4/25/2010,6750,154.06,90.93,1039905,613777.5,426127.5
Central America and the Caribbean,Dominican Republic,Cosmetics,Offline,H,5/16/2012,616143596,5/22/2012,9437,437.2,263.33,4125856.4,2485045.21,1640811.19
Sub-Saharan Africa,Guinea-Bissau,Cosmetics,Offline,H,08/03/2013,389406812,09/07/2013,2984,437.2,263.33,1304604.8,785776.72,518828.08
Asia,India,Vegetables,Online,L,9/20/2014,430695235,10/18/2014,1146,154.06,90.93,176552.76,104205.78,72346.98
Sub-Saharan Africa,Democratic Republic of the Congo,Office Supplies,Offline,C,2/21/2010,497870194,2/24/2010,9709,651.21,524.96,6322597.89,5096836.64,1225761.25
Central America and the Caribbean,Nicaragua,Baby Food,Offline,M,3/19/2014,419105517,3/31/2014,1491,255.28,159.42,380622.48,237695.22,142927.26
Europe,Latvia,Clothes,Offline,H,1/29/2012,542887532,2/21/2012,1340,109.28,35.84,146435.2,48025.6,98409.6
Asia,Laos,Cosmetics,Offline,C,06/10/2016,388015067,7/21/2016,1136,437.2,263.33,496659.2,299142.88,197516.32
Central America and the Caribbean,Dominica,Personal Care,Offline,C,10/16/2010,893599450,11/18/2010,4790,81.73,56.67,391486.7,271449.3,120037.4
Europe,Andorra,Meat,Offline,L,9/30/2013,369064509,10/06/2013,3245,421.89,364.69,1369033.05,1183419.05,185614
Europe,Georgia,Cereal,Online,C,9/17/2014,344146573,10/20/2014,9474,205.7,117.11,1948801.8,1109500.14,839301.66
Europe,Moldova ,Personal Care,Online,L,07/04/2015,618894469,7/23/2015,3482,81.73,56.67,284583.86,197324.94,87258.92
Australia and Oceania,Vanuatu,Cereal,Offline,C,06/11/2011,613669526,7/18/2011,7305,205.7,117.11,1502638.5,855488.55,647149.95
Australia and Oceania,Federated States of Micronesia,Clothes,Online,H,04/07/2010,719145572,5/24/2010,11,109.28,35.84,1202.08,394.24,807.84
Asia,Kyrgyzstan,Office Supplies,Offline,H,3/16/2013,946308934,04/06/2013,2698,651.21,524.96,1756964.58,1416342.08,340622.5
Europe,Switzerland,Baby Food,Offline,M,3/13/2011,476458442,04/04/2011,3496,255.28,159.42,892458.88,557332.32,335126.56
Europe,Georgia,Fruits,Online,C,5/22/2011,811205422,6/16/2011,2566,9.33,6.92,23940.78,17756.72,6184.06
Asia,Japan,Cereal,Online,H,8/19/2010,822473704,9/29/2010,7101,205.7,117.11,1460675.7,831598.11,629077.59
Australia and Oceania,Australia,Beverages,Online,H,06/03/2014,802499616,7/21/2014,6324,47.45,31.79,300073.8,201039.96,99033.84
Sub-Saharan Africa,Democratic Republic of the Congo,Meat,Online,L,5/19/2010,213831984,5/27/2010,6491,421.89,364.69,2738487.99,2367202.79,371285.2
Asia,Laos,Fruits,Offline,H,6/26/2017,839332139,6/28/2017,5887,9.33,6.92,54925.71,40738.04,14187.67
Australia and Oceania,Papua New Guinea,Household,Online,H,2/19/2014,932173907,04/06/2014,9829,668.27,502.54,6568425.83,4939465.66,1628960.17
Europe,Estonia,Beverages,Online,L,1/29/2010,165843617,2/15/2010,5667,47.45,31.79,268899.15,180153.93,88745.22
Europe,Romania,Office Supplies,Offline,C,05/06/2012,984140098,06/10/2012,7780,651.21,524.96,5066413.8,4084188.8,982225
North America,Greenland,Fruits,Offline,L,11/19/2013,951174676,12/19/2013,2579,9.33,6.92,24062.07,17846.68,6215.39
Asia,Uzbekistan,Household,Online,L,6/29/2012,401371181,7/19/2012,3507,668.27,502.54,2343622.89,1762407.78,581215.11
Sub-Saharan Africa,Democratic Republic of the Congo,Meat,Online,C,08/12/2014,189465939,9/21/2014,6037,421.89,364.69,2546949.93,2201633.53,345316.4
Middle East and North Africa,Algeria,Beverages,Online,L,5/20/2016,340507781,5/29/2016,2674,47.45,31.79,126881.3,85006.46,41874.84
Middle East and North Africa,Iraq,Meat,Online,H,01/06/2015,499858033,1/18/2015,7955,421.89,364.69,3356134.95,2901108.95,455026
Australia and Oceania,Federated States of Micronesia,Vegetables,Online,M,7/26/2012,383190524,8/17/2012,3446,154.06,90.93,530890.76,313344.78,217545.98
Europe,San Marino,Baby Food,Online,C,03/01/2012,226491582,3/24/2012,2747,255.28,159.42,701254.16,437926.74,263327.42
Middle East and North Africa,Jordan,Cosmetics,Online,L,3/19/2014,336060035,4/28/2014,6487,437.2,263.33,2836116.4,1708221.71,1127894.69
Europe,Liechtenstein,Fruits,Offline,H,08/07/2012,638507211,8/17/2012,7328,9.33,6.92,68370.24,50709.76,17660.48
Sub-Saharan Africa,Mali,Baby Food,Offline,L,8/26/2013,230756938,09/03/2013,4961,255.28,159.42,1266444.08,790882.62,475561.46
Asia,Bhutan,Meat,Offline,L,03/06/2017,530045545,3/30/2017,1110,421.89,364.69,468297.9,404805.9,63492
Australia and Oceania,Solomon Islands,Office Supplies,Offline,H,09/10/2012,323921859,10/15/2012,4531,651.21,524.96,2950632.51,2378593.76,572038.75
Central America and the Caribbean,El Salvador,Household,Offline,H,07/02/2013,720247209,7/31/2013,6009,668.27,502.54,4015634.43,3019762.86,995871.57
Asia,Thailand,Household,Online,H,01/12/2015,197195422,2/19/2015,3362,668.27,502.54,2246723.74,1689539.48,557184.26
Sub-Saharan Africa,Democratic Republic of the Congo,Office Supplies,Offline,H,10/15/2013,453252828,10/16/2013,6439,651.21,524.96,4193141.19,3380217.44,812923.75
Australia and Oceania,Fiji,Beverages,Online,H,02/12/2011,557218253,02/12/2011,2119,47.45,31.79,100546.55,67363.01,33183.54
Middle East and North Africa,Israel,Baby Food,Online,L,01/02/2017,998203027,1/30/2017,9313,255.28,159.42,2377422.64,1484678.46,892744.18
Europe,Bulgaria,Clothes,Online,H,01/01/2016,535630977,1/18/2016,3964,109.28,35.84,433185.92,142069.76,291116.16
Asia,India,Clothes,Online,M,06/08/2016,249238431,6/20/2016,4045,109.28,35.84,442037.6,144972.8,297064.8
Europe,Netherlands,Snacks,Online,M,05/06/2016,389074218,6/21/2016,4562,152.58,97.44,696069.96,444521.28,251548.68
Central America and the Caribbean,Barbados,Meat,Offline,M,10/31/2014,825499665,11/15/2014,2550,421.89,364.69,1075819.5,929959.5,145860
Sub-Saharan Africa,Ghana,Office Supplies,Offline,L,11/06/2015,599188601,11/11/2015,2077,651.21,524.96,1352563.17,1090341.92,262221.25
Europe,Denmark,Beverages,Online,L,11/02/2016,171127355,11/16/2016,9242,47.45,31.79,438532.9,293803.18,144729.72
Australia and Oceania,Kiribati,Office Supplies,Offline,H,07/11/2012,972614753,08/08/2012,7174,651.21,524.96,4671780.54,3766063.04,905717.5
Asia,Uzbekistan,Vegetables,Online,L,11/04/2013,455262124,12/22/2013,1034,154.06,90.93,159298.04,94021.62,65276.42
Sub-Saharan Africa,Tanzania,Snacks,Online,M,11/11/2013,640993297,11/20/2013,3016,152.58,97.44,460181.28,293879.04,166302.24
Asia,Indonesia,Beverages,Online,L,4/14/2014,472044599,4/29/2014,7341,47.45,31.79,348330.45,233370.39,114960.06
Sub-Saharan Africa,Mali,Baby Food,Offline,L,02/02/2014,760964858,02/07/2014,5267,255.28,159.42,1344559.76,839665.14,504894.62
Europe,Cyprus,Household,Online,H,05/01/2013,140615403,06/03/2013,77,668.27,502.54,51456.79,38695.58,12761.21
Asia,Singapore,Cosmetics,Offline,C,11/27/2016,914170062,01/03/2017,2091,437.2,263.33,914185.2,550623.03,363562.17
North America,United States of America,Cosmetics,Online,L,8/20/2015,505115163,9/13/2015,3656,437.2,263.33,1598403.2,962734.48,635668.72
Europe,Portugal,Personal Care,Offline,M,10/04/2012,907249534,11/09/2012,4153,81.73,56.67,339424.69,235350.51,104074.18
Europe,Ukraine,Snacks,Online,H,08/01/2012,134684503,8/30/2012,4992,152.58,97.44,761679.36,486420.48,275258.88
Sub-Saharan Africa,Malawi,Snacks,Online,C,09/12/2016,771843898,10/29/2016,4616,152.58,97.44,704309.28,449783.04,254526.24
Europe,Andorra,Snacks,Online,L,08/11/2012,523464047,9/28/2012,3499,152.58,97.44,533877.42,340942.56,192934.86
Europe,Bosnia and Herzegovina,Meat,Offline,C,5/23/2015,764593780,6/19/2015,9145,421.89,364.69,3858184.05,3335090.05,523094
Asia,Turkmenistan,Baby Food,Offline,M,11/22/2010,690594422,01/06/2011,1091,255.28,159.42,278510.48,173927.22,104583.26
Europe,Latvia,Beverages,Online,L,07/12/2012,467139804,8/28/2012,5904,47.45,31.79,280144.8,187688.16,92456.64
Central America and the Caribbean,Nicaragua,Cereal,Offline,L,1/27/2012,780216252,03/12/2012,2182,205.7,117.11,448837.4,255534.02,193303.38
Sub-Saharan Africa,Ethiopia,Baby Food,Offline,C,9/16/2013,586122596,10/23/2013,5556,255.28,159.42,1418335.68,885737.52,532598.16
Central America and the Caribbean,Belize,Office Supplies,Online,M,02/12/2015,261470162,3/20/2015,3686,651.21,524.96,2400360.06,1935002.56,465357.5
Europe,Belarus,Personal Care,Online,C,04/06/2011,253182780,5/19/2011,1266,81.73,56.67,103470.18,71744.22,31725.96
Asia,Bhutan,Cosmetics,Offline,M,4/24/2013,628496778,5/15/2013,5018,437.2,263.33,2193869.6,1321389.94,872479.66
Middle East and North Africa,Kuwait,Fruits,Offline,L,7/27/2014,624960982,8/18/2014,8698,9.33,6.92,81152.34,60190.16,20962.18
Middle East and North Africa,Somalia,Fruits,Online,C,12/23/2016,900436723,01/04/2017,8091,9.33,6.92,75489.03,55989.72,19499.31
Sub-Saharan Africa,Tanzania,Cosmetics,Online,C,03/08/2012,383097827,4/22/2012,6015,437.2,263.33,2629758,1583929.95,1045828.05
Sub-Saharan Africa,Mauritius ,Vegetables,Offline,M,8/14/2015,321430623,9/20/2015,7319,154.06,90.93,1127565.14,665516.67,462048.47
Asia,South Korea,Office Supplies,Offline,H,04/08/2017,234233939,5/21/2017,3883,651.21,524.96,2528648.43,2038419.68,490228.75
North America,Mexico,Clothes,Offline,C,10/07/2015,160619103,11/07/2015,9617,109.28,35.84,1050945.76,344673.28,706272.48
Central America and the Caribbean,Guatemala,Snacks,Offline,M,08/03/2014,210009944,08/12/2014,5464,152.58,97.44,833697.12,532412.16,301284.96
Europe,Romania,Clothes,Online,M,9/16/2010,112142789,11/03/2010,4398,109.28,35.84,480613.44,157624.32,322989.12
Sub-Saharan Africa,Djibouti,Snacks,Offline,H,07/09/2013,567066466,7/13/2013,6424,152.58,97.44,980173.92,625954.56,354219.36
Sub-Saharan Africa,Tanzania,Cosmetics,Offline,M,10/07/2010,995142304,10/07/2010,3577,437.2,263.33,1563864.4,941931.41,621932.99
Sub-Saharan Africa,Rwanda,Snacks,Offline,L,03/10/2010,887044131,4/25/2010,4925,152.58,97.44,751456.5,479892,271564.5
Europe,Hungary,Household,Offline,L,01/06/2013,253758275,1/19/2013,1568,668.27,502.54,1047847.36,787982.72,259864.64
Central America and the Caribbean,Nicaragua,Household,Offline,C,03/10/2010,976583564,3/26/2010,1633,668.27,502.54,1091284.91,820647.82,270637.09
Sub-Saharan Africa,Cape Verde,Household,Online,M,06/02/2016,957131326,6/29/2016,5284,668.27,502.54,3531138.68,2655421.36,875717.32
Asia,Bhutan,Vegetables,Online,L,06/04/2013,867325389,6/13/2013,9711,154.06,90.93,1496076.66,883021.23,613055.43
Sub-Saharan Africa,Zimbabwe,Fruits,Online,C,04/06/2014,999402081,5/17/2014,4140,9.33,6.92,38626.2,28648.8,9977.4
Middle East and North Africa,Azerbaijan,Cosmetics,Online,M,2/18/2014,815910232,3/25/2014,4824,437.2,263.33,2109052.8,1270303.92,838748.88
Europe,France,Office Supplies,Online,M,11/13/2016,299711167,12/02/2016,50,651.21,524.96,32560.5,26248,6312.5
Europe,Spain,Personal Care,Online,L,01/05/2016,403978717,1/15/2016,5134,81.73,56.67,419601.82,290943.78,128658.04
Europe,Vatican City,Snacks,Offline,H,9/26/2013,802199208,11/03/2013,7427,152.58,97.44,1133211.66,723686.88,409524.78
Sub-Saharan Africa,Democratic Republic of the Congo,Meat,Online,C,1/28/2017,338171470,2/16/2017,1308,421.89,364.69,551832.12,477014.52,74817.6
