Region,Country,Item Type,Sales Channel,Order Priority,Order Date,Order ID,Ship Date,Units Sold,Unit Price,Unit Cost,Total Revenue,Total Cost,Total Profit
Asia,Sri Lanka,Office Supplies,Online,C,12/06/2016,752330720,12/21/2016,233,651.21,524.96,151731.93,122315.68,29416.25
Middle East and North Africa,Libya,Baby Food,Online,C,3/25/2016,237738406,3/27/2016,932,255.28,159.42,237920.96,148579.44,89341.52
Europe,Malta,Office Supplies,Online,M,08/11/2013,196395909,9/28/2013,6769,651.21,524.96,4408040.49,3553454.24,854586.25
Europe,Moldova ,Cosmetics,Offline,H,5/16/2011,259602057,6/20/2011,873,437.2,263.33,381675.6,229887.09,151788.51
Sub-Saharan Africa,Kenya,Meat,Offline,L,11/12/2012,578968179,11/26/2012,8405,421.89,364.69,3545985.45,3065219.45,480766
Europe,Moldova ,Household,Offline,H,03/03/2011,476418101,3/27/2011,1558,668.27,502.54,1041164.66,782957.32,258207.34
Middle East and North Africa,Pakistan,Clothes,Online,C,7/22/2015,694188153,08/07/2015,4556,109.28,35.84,497879.68,163287.04,334592.64
Europe,Kosovo,Baby Food,Offline,C,06/06/2017,244827163,07/05/2017,8653,255.28,159.42,2208937.84,1379461.26,829476.58
Asia,South Korea,Cosmetics,Online,L,11/06/2016,461196458,11/22/2016,7136,437.2,263.33,3119859.2,1879122.88,1240736.32
Sub-Saharan Africa,Equatorial Guinea,Vegetables,Offline,H,2/19/2011,946469867,03/10/2011,321,154.06,90.93,49453.26,29188.53,20264.73
Sub-Saharan Africa,Namibia,Vegetables,Online,M,10/30/2013,924133718,12/11/2013,558,154.06,90.93,85965.48,50738.94,35226.54
Asia,Uzbekistan,Snacks,Online,M,01/08/2013,587986838,02/04/2013,7227,152.58,97.44,1102695.66,704198.88,398496.78
Europe,France,Personal Care,Online,C,01/09/2013,652140557,02/08/2013,1738,81.73,56.67,142046.74,98492.46,43554.28
Europe,Vatican City,Fruits,Online,L,06/05/2015,101018702,7/22/2015,2534,9.33,6.92,23642.22,17535.28,6106.94
Central America and the Caribbean,Trinidad and Tobago,Fruits,Online,C,4/20/2015,239357602,5/23/2015,88,9.33,6.92,821.04,608.96,212.08
Asia,Maldives,Cereal,Online,M,7/30/2012,642206084,09/03/2012,1906,205.7,117.11,392064.2,223211.66,168852.54
Asia,South Korea,Cereal,Offline,C,10/31/2015,504925477,11/12/2015,7524,205.7,117.11,1547686.8,881135.64,666551.16
Middle East and North Africa,Oman,Personal Care,Offline,L,10/03/2015,893189609,10/16/2015,3509,81.73,56.67,286790.57,198855.03,87935.54
Asia,Philippines,Clothes,Offline,H,09/08/2011,692984807,10/25/2011,8459,109.28,35.84,924399.52,303170.56,621228.96
Central America and the Caribbean,Honduras,Snacks,Offline,C,5/24/2015,660609900,06/04/2015,8005,152.58,97.44,1221402.9,780007.2,441395.7
Central America and the Caribbean,Dominica,Clothes,Online,H,12/23/2016,272676217,1/14/2017,9807,109.28,35.84,1071708.96,351482.88,720226.08
Middle East and North Africa,Libya,Personal Care,Offline,M,5/30/2011,876107585,6/26/2011,8558,81.73,56.67,699445.34,484981.86,214463.48
Central America and the Caribbean,Belize,Cosmetics,Offline,L,06/03/2017,738140332,7/14/2017,982,437.2,263.33,429330.4,258590.06,170740.34
Middle East and North Africa,Azerbaijan,Vegetables,Online,C,03/06/2013,896323287,3/21/2013,834,154.06,90.93,128486.04,75835.62,52650.42
Europe,France,Snacks,Offline,H,10/07/2015,208517777,10/22/2015,3899,152.58,97.44,594909.42,379918.56,214990.86
Sub-Saharan Africa,Togo,Office Supplies,Offline,C,10/29/2016,302897632,12/14/2016,2995,651.21,524.96,1950373.95,1572255.2,378118.75
Europe,Russia,Personal Care,Offline,C,8/26/2016,627949178,9/18/2016,2971,81.73,56.67,242819.83,168366.57,74453.26
Asia,Sri Lanka,Snacks,Offline,C,10/19/2012,702471244,10/20/2012,5706,152.58,97.44,870621.48,555992.64,314628.84
Sub-Saharan Africa,Ethiopia,Household,Offline,L,6/23/2011,565575158,6/24/2011,5112,668.27,502.54,3416196.24,2568984.48,847211.76
Sub-Saharan Africa,Comoros,Office Supplies,Online,C,2/26/2016,326684749,3/25/2016,2132,651.21,524.96,1388379.72,1119214.72,269165
Middle East and North Africa,Oman,Fruits,Online,M,3/27/2016,615536344,3/28/2016,9737,9.33,6.92,90846.21,67380.04,23466.17
Sub-Saharan Africa,South Sudan,Personal Care,Offline,M,7/19/2013,332178771,8/19/2013,7935,81.73,56.67,648527.55,449676.45,198851.1
Middle East and North Africa,Jordan,Vegetables,Offline,L,12/21/2010,696973359,1/28/2011,8760,154.06,90.93,1349565.6,796546.8,553018.8
Asia,Japan,Household,Offline,L,04/02/2016,300593936,05/03/2016,1280,668.27,502.54,855385.6,643251.2,212134.4
Middle East and North Africa,Morocco,Office Supplies,Offline,H,6/21/2015,954026830,7/26/2015,6594,651.21,524.96,4294078.74,3461586.24,832492.5
Sub-Saharan Africa,South Africa,Household,Offline,L,9/17/2014,938570868,9/26/2014,2832,668.27,502.54,1892540.64,1423193.28,469347.36
Asia,Mongolia,Cereal,Offline,H,7/20/2013,855837380,8/20/2013,154,205.7,117.11,31677.8,18034.94,13642.86
Europe,Belarus,Office Supplies,Online,H,5/30/2016,477750194,06/11/2016,5754,651.21,524.96,3747062.34,3020619.84,726442.5
Sub-Saharan Africa,Senegal,Vegetables,Online,L,8/22/2013,996545636,9/20/2013,8854,154.06,90.93,1364047.24,805094.22,558953.02
Europe,Slovenia,Office Supplies,Offline,L,08/01/2015,974772536,9/16/2015,5710,651.21,524.96,3718409.1,2997521.6,720887.5
Sub-Saharan Africa,Namibia,Cosmetics,Online,M,12/03/2010,395292222,1/13/2011,4608,437.2,263.33,2014617.6,1213424.64,801192.96
Sub-Saharan Africa,Sudan,Baby Food,Online,M,12/03/2015,211278522,01/02/2016,864,255.28,159.42,220561.92,137738.88,82823.04
Central America and the Caribbean,The Bahamas,Cosmetics,Offline,L,1/14/2010,996217763,2/26/2010,1829,437.2,263.33,799638.8,481630.57,318008.23
Middle East and North Africa,Afghanistan,Cereal,Online,M,6/13/2015,693908774,7/31/2015,1881,205.7,117.11,386921.7,220283.91,166637.79
Sub-Saharan Africa,Nigeria,Clothes,Offline,M,07/11/2017,468462884,08/04/2017,7432,109.28,35.84,812168.96,266362.88,545806.08
Middle East and North Africa,Morocco,Meat,Online,L,1/26/2014,654303920,03/10/2014,1925,421.89,364.69,812138.25,702028.25,110110
Sub-Saharan Africa,Cote d'Ivoire,Cereal,Online,L,07/11/2011,306168210,8/15/2011,832,205.7,117.11,171142.4,97435.52,73706.88
Middle East and North Africa,Syria,Clothes,Offline,H,08/07/2013,349104583,8/29/2013,6659,109.28,35.84,727695.52,238658.56,489036.96
Europe,United Kingdom,Cereal,Offline,H,07/03/2017,428474366,08/11/2017,3941,205.7,117.11,810663.7,461530.51,349133.19
Sub-Saharan Africa,Burundi,Cosmetics,Online,L,2/25/2010,259951388,03/03/2010,4247,437.2,263.33,1856788.4,1118362.51,738425.89
Sub-Saharan Africa,Ghana,Office Supplies,Offline,C,5/23/2017,979521977,06/03/2017,1175,651.21,524.96,765171.75,616828,148343.75
Middle East and North Africa,Jordan,Clothes,Online,L,11/24/2016,193484961,12/22/2016,5355,109.28,35.84,585194.4,191923.2,393271.2
Europe,Albania,Meat,Online,L,2/23/2010,528451669,04/07/2010,9447,421.89,364.69,3985594.83,3445226.43,540368.4
Sub-Saharan Africa,Chad,Fruits,Offline,M,01/11/2011,181345927,02/11/2011,3145,9.33,6.92,29342.85,21763.4,7579.45
Asia,Mongolia,Vegetables,Online,L,10/13/2011,569404065,11/14/2011,8171,154.06,90.93,1258824.26,742989.03,515835.23
Europe,Kosovo,Fruits,Online,C,1/24/2017,480174911,2/15/2017,3281,9.33,6.92,30611.73,22704.52,7907.21
Europe,Sweden,Baby Food,Online,L,6/20/2017,121519792,08/02/2017,9262,255.28,159.42,2364403.36,1476548.04,887855.32
Sub-Saharan Africa,Burundi,Beverages,Offline,H,12/28/2015,671612536,1/20/2016,3929,47.45,31.79,186431.05,124902.91,61528.14
Asia,Mongolia,Cereal,Online,M,9/14/2016,228939473,9/16/2016,7132,205.7,117.11,1467052.4,835228.52,631823.88
Middle East and North Africa,Tunisia ,Office Supplies,Offline,M,5/22/2013,562299430,06/04/2013,5752,651.21,524.96,3745759.92,3019569.92,726190
Central America and the Caribbean,Jamaica,Beverages,Offline,L,01/12/2016,360803735,03/01/2016,8698,47.45,31.79,412720.1,276509.42,136210.68
Asia,China,Meat,Online,L,10/01/2016,183876216,11/10/2016,1913,421.89,364.69,807075.57,697651.97,109423.6
Middle East and North Africa,Iran,Snacks,Online,M,4/22/2016,211253201,5/24/2016,3372,152.58,97.44,514499.76,328567.68,185932.08
Middle East and North Africa,Iraq,Household,Offline,L,9/24/2012,692983520,10/03/2012,8078,668.27,502.54,5398285.06,4059518.12,1338766.94
Asia,Japan,Meat,Offline,L,9/14/2012,599428498,10/01/2012,3068,421.89,364.69,1294358.52,1118868.92,175489.6
Asia,Uzbekistan,Cereal,Offline,M,08/08/2012,771261966,9/18/2012,2410,205.7,117.11,495737,282235.1,213501.9
Sub-Saharan Africa,Ghana,Clothes,Offline,C,06/12/2017,769470250,07/10/2017,2201,109.28,35.84,240525.28,78883.84,161641.44
Central America and the Caribbean,Cuba,Baby Food,Online,C,5/21/2014,225352180,06/07/2014,5573,255.28,159.42,1422675.44,888447.66,534227.78
Middle East and North Africa,Algeria,Beverages,Online,H,05/08/2014,190519082,5/13/2014,7685,47.45,31.79,364653.25,244306.15,120347.1
Europe,Moldova ,Baby Food,Offline,C,5/31/2010,886894786,07/02/2010,731,255.28,159.42,186609.68,116536.02,70073.66
Middle East and North Africa,Tunisia ,Cosmetics,Offline,C,11/05/2011,356715619,12/24/2011,8934,437.2,263.33,3905944.8,2352590.22,1553354.58
Sub-Saharan Africa,Seychelles ,Clothes,Offline,H,1/23/2010,312530410,03/09/2010,3548,109.28,35.84,387725.44,127160.32,260565.12
Europe,Hungary,Office Supplies,Online,C,09/07/2012,287200486,9/29/2012,7861,651.21,524.96,5119161.81,4126710.56,992451.25
Europe,Belgium,Office Supplies,Online,L,1/13/2017,783899676,02/05/2017,2189,651.21,524.96,1425498.69,1149137.44,276361.25
Asia,North Korea,Vegetables,Online,H,12/08/2013,126114308,12/09/2013,8881,154.06,90.93,1368206.86,807549.33,560657.53
Europe,Malta,Cereal,Offline,M,3/15/2014,307643210,3/15/2014,7317,205.7,117.11,1505106.9,856893.87,648213.03
Asia,Philippines,Cosmetics,Online,M,7/27/2014,242597711,8/21/2014,8908,437.2,263.33,3894577.6,2345743.64,1548833.96
Middle East and North Africa,Azerbaijan,Meat,Offline,M,8/15/2016,715401637,09/04/2016,2097,421.89,364.69,884703.33,764754.93,119948.4
Central America and the Caribbean,Barbados,Vegetables,Offline,C,06/10/2015,330791318,7/24/2015,7357,154.06,90.93,1133419.42,668972.01,464447.41
Sub-Saharan Africa,Burkina Faso,Fruits,Offline,C,12/13/2010,463815581,1/24/2011,2192,9.33,6.92,20451.36,15168.64,5282.72
Sub-Saharan Africa,Ethiopia,Meat,Online,C,9/22/2011,309835755,10/14/2011,6140,421.89,364.69,2590404.6,2239196.6,351208
Europe,Luxembourg,Meat,Offline,H,01/12/2016,934525668,2/14/2016,5767,421.89,364.69,2433039.63,2103167.23,329872.4
Middle East and North Africa,Lebanon,Office Supplies,Offline,H,8/22/2015,323871648,9/25/2015,9673,651.21,524.96,6299154.33,5077938.08,1221216.25
Asia,Indonesia,Office Supplies,Offline,H,9/27/2014,134172523,10/23/2014,3486,651.21,524.96,2270118.06,1830010.56,440107.5
Sub-Saharan Africa,Democratic Republic of the Congo,Meat,Online,H,01/04/2011,742039620,1/24/2011,4868,421.89,364.69,2053760.52,1775310.92,278449.6
Europe,Romania,Clothes,Online,H,7/22/2014,794396770,08/08/2014,8512,109.28,35.84,930191.36,305070.08,625121.28
Europe,Greece,Snacks,Offline,C,10/31/2013,358480298,11/30/2013,1141,152.58,97.44,174093.78,111179.04,62914.74
Sub-Saharan Africa,Tanzania,Beverages,Offline,C,4/15/2017,471839034,4/27/2017,6510,47.45,31.79,308899.5,206952.9,101946.6
Europe,Malta,Office Supplies,Offline,L,9/19/2011,892334306,10/17/2011,406,651.21,524.96,264391.26,213133.76,51257.5
Sub-Saharan Africa,Djibouti,Fruits,Online,H,6/27/2011,548139941,7/29/2011,5644,9.33,6.92,52658.52,39056.48,13602.04
Europe,Portugal,Snacks,Offline,H,11/16/2016,687742269,12/26/2016,7075,152.58,97.44,1079503.5,689388,390115.5
Sub-Saharan Africa,Angola,Snacks,Offline,L,4/24/2010,829940116,05/01/2010,6578,152.58,97.44,1003671.24,640960.32,362710.92
Middle East and North Africa,Yemen,Personal Care,Offline,H,2/18/2013,113844811,2/21/2013,8064,81.73,56.67,659070.72,456986.88,202083.84
Central America and the Caribbean,Guatemala,Office Supplies,Online,M,09/06/2013,448880183,10/10/2013,2476,651.21,524.96,1612395.96,1299800.96,312595
Sub-Saharan Africa,Togo,Household,Offline,C,6/29/2016,664782559,7/19/2016,2787,668.27,502.54,1862468.49,1400578.98,461889.51
Sub-Saharan Africa,Ethiopia,Meat,Offline,L,10/28/2015,561600768,11/16/2015,9002,421.89,364.69,3797853.78,3282939.38,514914.4
Central America and the Caribbean,Saint Vincent and the Grenadines,Baby Food,Online,C,7/23/2014,459696137,7/26/2014,3157,255.28,159.42,805918.96,503288.94,302630.02
Europe,Sweden,Office Supplies,Online,C,11/11/2012,749742496,12/14/2012,4320,651.21,524.96,2813227.2,2267827.2,545400
Asia,Maldives,Office Supplies,Online,M,12/21/2011,542726171,1/20/2012,3589,651.21,524.96,2337192.69,1884081.44,453111.25
Central America and the Caribbean,Antigua and Barbuda ,Cereal,Offline,C,5/23/2010,819945991,5/29/2010,9094,205.7,117.11,1870635.8,1064998.34,805637.46
